@article{Janssen72,
author= "D.J.G. Janssen",
title= "Delta modulation in DVM design",
journal= IEEE_J_JSSC,
volume= "7",
number= "6",
year= "1972",
pages= ""
};

@article{Hornak75,
author= "T. Hornak and J.J. Corcoran",
title= "A high precision component-tolerant A/D convertor",
journal= IEEE_J_JSSC,
volume= "10",
number= "6",
year= "1975",
pages= ""
};

@article{McCreary75,
author= "J.L. McCreary and P.R. Gray",
title= "All-MOS charge redistribution analog-to-digital conversion techniques. I
",
journal= IEEE_J_JSSC,
volume= "10",
number= "6",
year= "1975",
pages= ""
};

@article{Suarez75,
author= "R.E. Suarez and  P.R. Gray and D.A. Hodges",
title= "All-MOS charge-redistribution analog-to-digital conversion techniques. I
I",
journal= IEEE_J_JSSC,
volume= "10",
number= "6",
year= "1975",
pages= ""
};

@article{Smarandoiu76,
author= "G. Smarandoiu and  K. Fukahori and  P.R. Gray and D.A. Hodges",
title= "An All-MOS Analog-to-Digital converter using a constant slope approach",
journal= IEEE_J_JSSC,
volume= "11",
number= "3",
year= "1976",
pages= ""
};

@article{Landsburg77,
author= "G.F. Landsburg",
title= "A charge-balancing monolithic A/D converter",
journal= IEEE_J_JSSC,
volume= "12",
number= "6",
year= "1977",
pages= ""
};

@article{Plassche77,
author= "R. van de Plassche and R.E.J. van Der Grift",
title= "A five-digit analog-digital converter",
journal= IEEE_J_JSSC,
volume= "12",
number= "6",
year= "1977",
pages= ""
};

@article{Brokaw78,
author= "A.P. Brokaw",
title= "A monolithic 10-bit A/D using I/sup 2/L and LWT thin-film resistors",
journal= IEEE_J_JSSC,
volume= "13",
number= "6",
year= "1978",
pages= ""
};

@article{Hamade78,
author= "A.R. Hamade'",
title= "A single chip all-MOS 8-bit A/D converter",
journal= IEEE_J_JSSC,
volume= "13",
number= "6",
year= "1978",
pages= ""
};

@article{Suzuki78,
author= "Y. Suzuki and  E. Masuda and  C. Satoh and T. Iida",
title= "A new single-chip C/sup 2/MOS A/D converter for microprocessor systems-P
enta-Phase Integrating C/sup 2/MOS A/D converter",
journal= IEEE_J_JSSC,
volume= "13",
number= "6",
year= "1978",
pages= ""
};

@article{Fiedler79,
author= "U. Fiedler and D. Seitzer",
title= "A high-speed 8 bit A/D converter based on a Gray-code multiple folding c
ircuit",
journal= IEEE_J_JSSC,
volume= "14",
number= "3",
year= "1979",
pages= ""
};

@article{Kessler79,
author= "H. Kessler and P. Jiru",
title= "A single-chip A/D converter in PMOS technology for digital voltmeter app
lications",
journal= IEEE_J_JSSC,
volume= "14",
number= "3",
year= "1979",
pages= ""
};

@article{Dingwall79,
author= "A.G.F. Dingwall",
title= "Monolithic expandable 6 bit 20 MHz CMOS/SOS A/D converter",
journal= IEEE_J_JSSC,
volume= "14",
number= "6",
year= "1979",
pages= ""
};

@article{Fotouhi79,
author= "B. Fotouhi and D.A. Hodges",
title= "High-resolution A/D conversion in MOS/LSI",
journal= IEEE_J_JSSC,
volume= "14",
number= "6",
year= "1979",
pages= ""
};

@article{Peterson79,
author= "J.G. Peterson",
title= "A monolithic video A/D converter",
journal= IEEE_J_JSSC,
volume= "14",
number= "6",
year= "1979",
pages= ""
};

@article{Plassche79,
author= "R.J. van de Plassche and R.E.J. van Der Grift",
title= "A high-speed 7 bit A/D converter",
journal= IEEE_J_JSSC,
volume= "14",
number= "6",
year= "1979",
pages= ""
};

@article{Redfern79,
author= "T.P. Redfern and  J.J. Connolly and  Jr. and  S.W. Chin and T.M. Frederiksen",
title= "A monolithic charge-balancing successive approximation A/D technique",
journal= IEEE_J_JSSC,
volume= "14",
number= "6",
year= "1979",
pages= ""
};

@article{Kyung80,
author= "Chong-Min Kyung and Choong-Ki Kim",
title= "Pipeline analog-to-digital conversion with charge-coupled devices",
journal= IEEE_J_JSSC,
volume= "15",
number= "2",
year= "1980",
pages= ""
};

@article{Post80,
author= "H.-U. Post and K. Waldschmidt",
title= "A high-speed NMOS A/D converter with a current source array",
journal= IEEE_J_JSSC,
volume= "15",
number= "3",
year= "1980",
pages= ""
};

@article{Saul80,
author= "P.H. Saul and  A. Fairgrieve and A.J. Fryers",
title= "Monolithic components for 100 MHz data conversion [4-bit expandable A/D 
convertor]",
journal= IEEE_J_JSSC,
volume= "15",
number= "3",
year= "1980",
pages= ""
};

@article{Emmert80,
author= "G. Emmert and  E. Navratil and  H. Parzefall and R. Rydval",
title= "A versatile bipolar monolithic 6-bit A/D converter for 100 MHz sample fr
equency",
journal= IEEE_J_JSSC,
volume= "15",
number= "6",
year= "1980",
pages= ""
};

@article{Timko80,
author= "M.P. Timko and P.R. Holloway",
title= "Circuit techniques for achieving high speed-high resolution A/D conversi
on",
journal= IEEE_J_JSSC,
volume= "15",
number= "6",
year= "1980",
pages= ""
};

@article{Fiedler81,
author= "H.L. Fiedler and  B. Hoefflinger and  W. Demmer and P. Draheim",
title= "A 5-bit building block for 20 MHz A/D converters",
journal= IEEE_J_JSSC,
volume= "16",
number= "3",
year= "1981",
pages= ""
};

@article{Saul81,
author= "P.H. Saul",
title= "Successive approximation analog-to-digital conversion at video rates",
journal= IEEE_J_JSSC,
volume= "16",
number= "3",
year= "1981",
pages= ""
};

@article{Misawa81,
author= "T. Misawa and  J.E. Iwersen and  L.J. Loporcaro and J.G. Ruch",
title= "Single-chip per channel codec with filters utilizing /spl Delta/-/spl Si
gma/ modulation",
journal= IEEE_J_JSSC,
volume= "16",
number= "4",
year= "1981",
pages= ""
};

@article{Blauschild81,
author= "Chong Min Kyung and Choong Ki Kim",
title= "Charge-coupled analog-to-digital converter",
journal= IEEE_J_JSSC,
volume= "16",
number= "6",
year= "1981",
pages= ""
};

@article{Candy82,
author= "J.C. Candy and B.A. Wooley",
title= "Precise biasing of analog-to-digital converters by means of auto-zero fe
edback",
journal= IEEE_J_JSSC,
volume= "17",
number= "6",
year= "1982",
pages= ""
};

@article{Plassche82,
author= "R.J. van de Plassche and H.J. Schouwenaars",
title= "A monolithic 14 bit A/D converter",
journal= IEEE_J_JSSC,
volume= "17",
number= "6",
year= "1982",
pages= ""
};

@article{Takemoto82,
author= "T. Takemoto and  M. Inoue and  H. Sadamatsu and  A. Matsuzawa and K. Tsuji",
title= "A fully parallel 10-bit A/D converter with video speed",
journal= IEEE_J_JSSC,
volume= "17",
number= "6",
year= "1982",
pages= ""
};

@article{Bruggemann83,
author= "H. Bruggemann",
title= "Ultrafast Feedback A/D Conversion Made Possible by a Nonuniform Error Qu
antizer",
journal= IEEE_J_JSSC,
volume= "18",
number= "1",
year= "1983",
pages= ""
};

@article{Sugawara83,
author= "T. Sugawara and  M. Ishibe and  H. Yamada and  S.-I. Majima and  T. Tanji and S. Komatsu
",
title= "A monolithic 14 bit/20 /spl mu/s dual channel A/D converter",
journal= IEEE_J_JSSC,
volume= "18",
number= "6",
year= "1983",
pages= ""
};

@article{Grift84,
author= "R.E.J. Van De Grift and R.J. van de Plassche",
title= "A Monolithic 8-Bit Video A/D Converter",
journal= IEEE_J_JSSC,
volume= "19",
number= "3",
year= "1984",
pages= ""
};

@article{Silburt84,
author= "A.L. Silburt and  A. Boothroyd and M.I. Elmasry",
title= "A novel multiple threshold MOSFET structure for A/D and D/A conversion",
journal= IEEE_J_JSSC,
volume= "19",
number= "5",
year= "1984",
pages= ""
};

@article{Doernberg84,
author= "J. Doernberg and  H.-S. Lee and D.A. Hodges",
title= "Full-speed testing of A/D converters",
journal= IEEE_J_JSSC,
volume= "19",
number= "6",
year= "1984",
pages= ""
};

@article{Fiedler84,
author= "H.L. Fiedler and B. Hoefflinger",
title= "A CMOS pulse density modulator for high-resolution A/D converters",
journal= IEEE_J_JSSC,
volume= "19",
number= "6",
year= "1984",
pages= ""
};

@article{Inoue84,
author= "M. Inoue and  H. Sadamatsu and  A. Matsuzawa and  A. Kanda and T. Takemoto",
title= "A monolithic 8-bit A/D converter with 120 MHz conversion rate",
journal= IEEE_J_JSSC,
volume= "19",
number= "6",
year= "1984",
pages= ""
};

@article{Lee84,
author= "H.-S. Lee and  D.A. Hodges and P.R. Gray",
title= "A self-calibrating 15 bit CMOS A/D converter",
journal= IEEE_J_JSSC,
volume= "19",
number= "6",
year= "1984",
pages= ""
};

@article{Li84,
author= "P.W. Li and  M.J. Chin and  P.R. Gray and R. Castello",
title= "A ratio-independent algorithmic analog-to-digital conversion technique",
journal= IEEE_J_JSSC,
volume= "19",
number= "6",
year= "1984",
pages= ""
};

@article{Yoshii84,
author= "Y. Yoshii and  K. Asano and  M. Nakamura and C. Yamada",
title= "An 8 bit, 100 ms/s flash ADC",
journal= IEEE_J_JSSC,
volume= "19",
number= "6",
year= "1984",
pages= ""
};

@article{Yukawa85,
author= "A. Yukawa",
title= "A CMOS 8-Bit High-Speed A/D Converter IC",
journal= IEEE_J_JSSC,
volume= "20",
number= "3",
year= "1985",
pages= ""
};

@article{Zojer85,
author= "B. Zojer and  R. Petschacher and W.A. Luschnig",
title= "A 6-Bit/200-MHz Full Nyquist A/D Converter",
journal= IEEE_J_JSSC,
volume= "20",
number= "3",
year= "1985",
pages= ""
};

@article{Dingwall85,
author= "A.G.F. Dingwall and V. Zazzu",
title= "An 8-MHz CMOS Subranging 8-bit A/D converter",
journal= IEEE_J_JSSC,
volume= "20",
number= "6",
year= "1985",
pages= ""
};

@article{Hotta86,
author= "M. Hotta and  K. Maio and  N. Yokozawa and  T. Watanabe and S. Ueda",
title= "A 150-mW, 8-bit video-frequency A/D converter",
journal= IEEE_J_JSSC,
volume= "21",
number= "2",
year= "1986",
pages= ""
};

@article{Docourant86,
author= "T. Ducourant and  J.-C. Baelde and  M. Binet and C. Rocher",
title= "1-GHz, 16-mW, 2-bit analog-to-digital GaAs converter",
journal= IEEE_J_JSSC,
volume= "21",
number= "3",
year= "1986",
pages= ""
};

@article{Joy86,
author= "A.K. Joy and  R.J. Killips and P.H. Saul",
title= "An Inherently Monotonic 7-Bit CMOS ADC for Video Applications",
journal= IEEE_J_JSSC,
volume= "21",
number= "3",
year= "1986",
pages= ""
};

@article{Roettcher86,
author= "U. Roettcher and  H.L. Fiedler and G. Zimmer",
title= "A Compatible CMOS-JFET Pulse Density Modulator for Interpolative High-Re
solution A/D Conversion",
journal= IEEE_J_JSSC,
volume= "21",
number= "3",
year= "1986",
pages= ""
};

@article{Shih86,
author= "C. Shih and P.R. Gray",
title= "Reference refreshing cyclic analog-to-digital and digital-to-analog conv
erters",
journal= IEEE_J_JSSC,
volume= "21",
number= "4",
year= "1986",
pages= ""
};

@article{Bacrania86,
author= "K. Bacrania",
title= "A 12-bit successive-approximation-type ADC with digital error correction
",
journal= IEEE_J_JSSC,
volume= "21",
number= "6",
year= "1986",
pages= ""
};

@article{Koch86,
author= "R. Koch and  B. Heise and  F. Eckbauer and  E. Engelhardt and  J.A. Fisher and F. Parzef
all",
title= "A 12-bit sigma-delta analog-to-digital converter with a 15-MHz clock rat
e",
journal= IEEE_J_JSSC,
volume= "21",
number= "6",
year= "1986",
pages= ""
};

@article{Kumamoto86,
author= "T. Kumamoto and  M. Nakaya and  H. Honda and  S. Asai and  Y. Akasaka and Y. Horiba",
title= "An 8-bit high-speed CMOS A/D converter",
journal= IEEE_J_JSSC,
volume= "21",
number= "6",
year= "1986",
pages= ""
};

@article{Peetz86,
author= "B. Peetz and  B.D. Hamilton and J. Kang",
title= "An 8-bit 250 megasample per second analog-to-digital converter: operatio
n without a sample and hold",
journal= IEEE_J_JSSC,
volume= "21",
number= "6",
year= "1986",
pages= ""
};

@article{Yee86,
author= "P.W. Yee",
title= "Noise considerations in high-accuracy A/D converters",
journal= IEEE_J_JSSC,
volume= "21",
number= "6",
year= "1986",
pages= ""
};

@article{Grant87,
author= "P.S. Grant and K.F. Smith",
title= "Monotonic dual-ladder A/D conversion",
journal= IEEE_J_JSSC,
volume= "22",
number= "2",
year= "1987",
pages= ""
};

@article{Robert87,
author= "J. Robert and  G.C. Temes and  V. Valencic and  R. Dessoulavy and P. Deval",
title= "A 16-bit low-voltage CMOS A/D converter",
journal= IEEE_J_JSSC,
volume= "22",
number= "2",
year= "1987",
pages= ""
};

@article{Grift87,
author= "R. van de Grift and  I.W.J.M. Rutten and M. Van Der Veen",
title= "An 8-bit video ADC incorporating folding and interpolation techniques",
journal= IEEE_J_JSSC,
volume= "22",
number= "6",
year= "1987",
pages= ""
};

@article{Hotta87,
author= "M. Hotta and  T. Shimizu and  K. Maio and  K. Nakazato and S. Ueda",
title= "A 12-mW 6-bit video-frequency A/D converter",
journal= IEEE_J_JSSC,
volume= "22",
number= "6",
year= "1987",
pages= ""
};

@article{Lewis87,
author= "S.H. Lewis and P.R. Gray",
title= "{A pipelined 5-Msample/s 9-bit analog-to-digital converter}",
journal= IEEE_J_JSSC,
volume= "22",
number= "6",
year= "1987",
pages= ""
};

@article{Matsuya87,
author= "Y. Matsuya and  K. Uchimura and  A. Iwata and  T. Kobayashi and  M. Ishikawa and T. Yosh
itome",
title= "A 16-bit oversampling A-to-D conversion technology using triple-integrat
ion noise shaping",
journal= IEEE_J_JSSC,
volume= "22",
number= "6",
year= "1987",
pages= ""
};

@article{Poulton87,
author= "K. Poulton and  J.J. Corcoran and T. Hornak",
title= "A 1-GHz 6-bit ADC system",
journal= IEEE_J_JSSC,
volume= "22",
number= "6",
year= "1987",
pages= ""
};

@article{Kumamoto88,
author= "TOSHIO KUMAMOTO and  MASAO NAKAYA and  MEMBER and 
SHIGERU KUSUNOKI and  TADASHI NISHIMURA and 
NOBUHARU YAZAWA and  YOICHI AKASAKA and  AND
YASUTAKA HORIBA",
title= "An SOI structure for flash A/D converter",
journal= IEEE_J_JSSC,
volume= "23",
number= "1",
year= "1988",
pages= ""
};

@article{Onodera88,
author= "Hidetoshi Onodera and  Tetsuo Tateishi and Keikichi Tamaru",
title= "A cyclic A/D converter that does not require ratio-matched components",
journal= IEEE_J_JSSC,
volume= "23",
number= "1",
year= "1988",
pages= ""
};

@article{Daniel88,
author= "DETLEF DANIEL and  ULRICH LANGMANN AND BERTHOLD G. BOSCH",
title= "A silicon bipolar 4-bit 1-Gsample/s full Nyquist A/D converter",
journal= IEEE_J_JSSC,
volume= "23",
number= "3",
year= "1988",
pages= ""
};

@article{Robert88,
author= "JACQUES ROBERT AND PHILIPPE DEVAL",
title= "A Second-Order High-Resolution Incremental
A/D Converter with Offset and Charge Injection Compensation",
journal= IEEE_J_JSSC,
volume= "23",
number= "3",
year= "1988",
pages= ""
};

@article{Bang-Sup88,
author= "Bang-Sup Song",
title= "A 12-bit l-Msample/s Capacitor
Error -Averaging Pipelined
A/D Converter",
journal= IEEE_J_JSSC,
volume= "23",
number= "6",
year= "1988",
pages= ""
};

@article{Fernandes88,
author= "Fernandes",
title= "A 14-bit 10- mu s Subranging A/D converter with S/H",
journal= IEEE_J_JSSC,
volume= "23",
number= "6",
year= "1988",
pages= ""
};

@article{Plassche88,
author= "Plassche",
title= "An 8-bit 100-MHz full-Nyquist analog-to-digital converter",
journal= IEEE_J_JSSC,
volume= "23",
number= "6",
year= "1988",
pages= ""
};

@article{Sutarja88,
author= "Sutarja",
title= "A pipelined 13-bit 250-ks/s 5-V analog-to-digital converter",
journal= IEEE_J_JSSC,
volume= "23",
number= "6",
year= "1988",
pages= ""
};

@article{Wakimoto88,
author= "Tsutomu Wakimoto and Yukio Akazawa and Shinsuke Konaka",
title= "Si bipolar 2-GHz 6-bit flash A/D conversion LSI - Solid-State Circuits, IEEE Journal of",
journal= IEEE_J_JSSC,
volume= "23",
number= "6",
year= "1988",
pages= ""
};

@article{Shimizu89,
author= "TOSHIHIKO SHIMIZU and  MASAO HOTTA and  KENJI MAIO and  AND SEIICHI UEDA",
title= "A 10-bit 20-MHz two-step parallel A/D converter with internal S/H",
journal= IEEE_J_JSSC,
volume= "24",
number= "1",
year= "1989",
pages= ""
};

@article{Doernberg89,
author= "Joey Doernberg and Paul R. Gray and David A. Hodges",
title= "A 10-bit 5-Msample/s CMOS two-step flash ADC - Solid-State Circuits, IEEE Journal of",
journal= IEEE_J_JSSC,
volume= "24",
number= "2",
year= "1989",
pages= ""
};

@article{Garuts89,
author= "VALDIS E. GARUTS and  YEOU-CHONG SIMON YU and  MEMBER and IEEE and EINAR 0.TRAA and  AND
TADANORI YAMAGUCHI",
title= "A dual 4-bit 2-Gs/s full Nyquist analog-to-digital converter using a 70-ps silicon bipolar technolog",
journal= IEEE_J_JSSC,
volume= "24",
number= "2",
year= "1989",
pages= ""
};

@article{Kerth89,
author= "Kerth",
title= "A 12-bit, 1-MHz, two-step flash ADC",
journal= IEEE_J_JSSC,
volume= "24",
number= "2",
year= "1989",
pages= ""
};

@article{Norsworthy89,
author= "Norsworthy",
title= "A 14-bit 80-kHz sigma-delta A/D converter: modeling, design and performance evaluation",
journal= IEEE_J_JSSC,
volume= "24",
number= "2",
year= "1989",
pages= ""
};

@article{Thomas89,
author= "FRANCOIS THOMAS and  FRANCIS DEBRIE and  MAURICE GLOANEC and  MEMBER and 
MICHELE LE PAIH and  PHILIPPE MARTIN and  THAO NGUYEN and  STEPHANE RUGGERI and 
AND JEAN-MARIE URO",
title= "1-GHz GaAs ADC building blocks",
journal= IEEE_J_JSSC,
volume= "24",
number= "2",
year= "1989",
pages= ""
};

@article{Joy89,
author= "ANDREW K. JOY and  MEMBER and IEEE and  ANTHONY J. HOLDEN and  THOMAS C. LESLIE and  MEMBER and IEEE and 
AND PETER H. SAUL",
title= "A comparison of GaAs HJBT and silicon bipolar technologies for high-speed analog-to-digital converters",
journal= IEEE_J_JSSC,
volume= "24",
number= "3",
year= "1989",
pages= ""
};

@article{Rodgers89,
author= "Rodgers",
title= "A monolithic 5 1/2-digit BiMOS A/D converter",
journal= IEEE_J_JSSC,
volume= "24",
number= "3",
year= "1989",
pages= ""
};

@article{Sugimoto89,
author= "Yasuhiro Sugimoto and Satoshi Mizoguchi",
title= "An experimental BiCMOS video 10 bit ADC - Solid-State Circuits, IEEE Journal of",
journal= IEEE_J_JSSC,
volume= "24",
number= "4",
year= "1989",
pages= ""
};

@article{Ishikawa89,
author= "MASAYUKI ISHIKAWA and  MEMBER and IEEE. AND TSUNEO TSUKAHARA",
title= "An 8-bit 50-MHz CMOS Subranging A/D converter with pipelined wide-band S/H",
journal= IEEE_J_JSSC,
volume= "24",
number= "6",
year= "1989",
pages= ""
};

@article{Kolluri89,
author= "Kolluri",
title= "A 12-bit 500-ns Subranging ADC ",
journal= IEEE_J_JSSC,
volume= "24",
number= "6",
year= "1989",
pages= ""
};

@article{Mayes89,
author= "MICHAEL K. MAYES AND SING W. CHIN",
title= "A multistep A/D converter family with efficient architecture",
journal= IEEE_J_JSSC,
volume= "24",
number= "6",
year= "1989",
pages= ""
};

@article{Hester90,
author= "RICHARD K. HESTER and  SENIOR MEMBER and  KHEN-SANG TAN and  MEMBER and 
MICHIEL DE WIT and  MEMBER and  JOHN w. FAmARUSO and  MEMBER and 
SAM1KIRIAKI and  MEMBER and  AND JAMES R. HELLUMS and  MEMBER",
title= "Fully differential ADC with rail-to-rail common-mode range and nonlinear capacitor compensation ",
journal= IEEE_J_JSSC,
volume= "25",
number= "1",
year= "1990",
pages= ""
};

@article{Hosotani90,
author= "SHIRO Hosotani and  Takahiro Miki and  Atsushi Maeda and Nobuharu Yazawa",
title= "An 8-bit 20-MS/s CMOS A/D converter with 50-mW power consumption",
journal= IEEE_J_JSSC,
volume= "25",
number= "1",
year= "1990",
pages= ""
};

@article{Mangelsdorf90,
author= "Mangelsdorf",
title= "A 400-MHz input flash converter with error correction",
journal= IEEE_J_JSSC,
volume= "25",
number= "1",
year= "1990",
pages= ""
};

@article{Haddi90,
author= "GABOR C. TEMES and  FELLOW
KH. HADIDI and  VINCENT s.TSO and  MEMBER and  AND",
title= "An 8-b 1.3-MHz successive-approximation A/D converter",
journal= IEEE_J_JSSC,
volume= "25",
number= "3",
year= "1990",
pages= ""
};

@article{Nairn90,
author= "David G. Nairn and  C. Andre T. Salama",
title= "Current-mode algorithmic analog-to-digital converters - Solid-State Circuits, IEEE Journal of",
journal= IEEE_J_JSSC,
volume= "25",
number= "4",
year= "1990",
pages= ""
};

@article{Petschacher90,
author= "REINHARD PETSCHACHER and  MEMBER and IEEE and BERNHARD ZOJER and  BERTHOLD ASTEGHER and 
HERMANN JESSNER and  AND ALEXANDER LECHNER",
title= "A 10-b 75-MSPS Subranging A/D converter with integrated sample and hold ",
journal= IEEE_J_JSSC,
volume= "25",
number= "6",
year= "1990",
pages= ""
};

@article{Signore90,
author= "Bruce P. Del Signore and Donald A. Kerth and Navdeep S. Sooch and Eric J. Swanson",
title= "A monolithic 2-b delta-sigma A/D converter - Solid-State Circuits, IEEE Journal of",
journal= IEEE_J_JSSC,
volume= "25",
number= "6",
year= "1990",
pages= ""
};

@article{Song90,
author= "Song",
title= "A 10-b 15-MHz CMOS recycling two-step A/D converter ",
journal= IEEE_J_JSSC,
volume= "25",
number= "6",
year= "1990",
pages= ""
};

@article{Brandt91a,
author= "Brian P. Brandt and Bruce A. Wooley",
title= "A 50-MHz multibit sigma-delta modulator for 12-b 2-MHz A/D conversion - Solid-State Circuits, IEEE Journal of",
journal= IEEE_J_JSSC,
volume= "26",
number= "12",
year= "1991",
pages= ""
};

@article{Lerch91,
author= "Renek G. Lerch and  Matthias H. Lamkemeyer and 
Horst L. Fiedler and  Werner Bradinal and  Peter Becker",
title= "A monolithic Sigma-Delta A/D and D/A converter with filter for broad-band speech coding",
journal= IEEE_J_JSSC,
volume= "26",
number= "12",
year= "1991",
pages= ""
};

@article{Mercer91,
author= "Douglas A. Mercer",
title= "A 12-b 750-ns Subranging A/D converter with self-correcting S/H",
journal= IEEE_J_JSSC,
volume= "26",
number= "12",
year= "1991",
pages= ""
};

@article{Ribner91,
author= "David B. Ribner and  Richard D. Baertsch and 
Steven L. Garverick and  Donald T. McGrath and  Joseph E. Krisciunas and 
and Toshiaki Fujii",
title= "A third-order multistage sigma-delta modulator with reduced sensitivity to nonidealities",
journal= IEEE_J_JSSC,
volume= "26",
number= "12",
year= "1991",
pages= ""
};

@article{Schiller91,
author= "Chris Schiller and Pat Byrne",
title= "A 4-GHz 8-b ADC system - Solid-State Circuits, IEEE Journal of",
journal= IEEE_J_JSSC,
volume= "26",
number= "12",
year= "1991",
pages= ""
};

@article{Comino91,
author= "Vittorio Comino and  Michel S. J. Steyaert and  Gabor C. Temes",
title= "A first-order current-steering sigma-delta modulator",
journal= IEEE_J_JSSC,
volume= "26",
number= "3",
year= "1991",
pages= ""
};

@article{Brandt91b,
author= "Brian P. Brandt and  Drew E. Wingard and 
and Bruce A. Wooley",
title= "Second-order sigma-delta modulation for digital-audio signal acquisition ",
journal= IEEE_J_JSSC,
volume= "26",
number= "4",
year= "1991",
pages= ""
};

@article{Lin91,
author= "Yuh-Min Lin and  Beomsup Kim and  Paul R.Gray",
title= "A 13-b 2.5-MHz self-calibrated pipelined A/D converter in 3- mu m CMOS",
journal= IEEE_J_JSSC,
volume= "26",
number= "4",
year= "1991",
pages= ""
};

@article{Leopold91,
author= "Hans A. Leopold and  Gunter Winkler and  Paul O’Leary and 
Karl Ilzer and  Juergen Jernej",
title= "A monolithic CMOS 20-b analog-to-digital converter",
journal= IEEE_J_JSSC,
volume= "26",
number= "7",
year= "1991",
pages= ""
};

@article{Naus91,
author= "Peter J. A. Naus and Eke Care1 Dijkmans",
title= "Multibit oversampled Sigma-Delta A/D converters as front end for CD players",
journal= IEEE_J_JSSC,
volume= "26",
number= "7",
year= "1991",
pages= ""
};

@article{Real91,
author= "Peter Real and  David H. Robertson and  Christopher W. Mangelsdorf and 
Member and  Theodore L. Tewksbury",
title= "A wide-band 10-b 20 Ms/s pipelined ADC using current-mode signals",
journal= IEEE_J_JSSC,
volume= "26",
number= "8",
year= "1991",
pages= ""
};

@article{Nejime91,
author= "Yoshito Nejime and  Masao Hotta and  Seiichi Ueda",
title= "An 8-b ADC with over-Nyquist input at 300-Ms/s conversion rate",
journal= IEEE_J_JSSC,
volume= "26",
number= "9",
year= "1991",
pages= ""
};

@article{Hagelauer92,
author= "Richard Hagelauer and  ZEEE and  Frank Oehler and  Gunter Rohmer and  Josef Sauerer and 
and Dieter Seitzer",
title= "A gigasample/second 5-b ADC with on-chip track and hold based
on an industrial 1 mu m GaAs MESFET E/D Process",
journal= IEEE_J_JSSC,
volume= "27",
number= "10",
year= "1992",
pages= ""
};

@article{Lee92,
author= "Seung-Hoon Lee and Bang-Sup Song",
title= "Digital-domain calibration of multistep analog-to-digital converters",
journal= IEEE_J_JSSC,
volume= "27",
number= "12",
year= "1992",
pages= ""
};

@article{Razavi92,
author= "Behzad Razavi and  Bruce A. Wooley",
title= "A 12-b 5-Msample/s two-step CMOS A/D converter",
journal= IEEE_J_JSSC,
volume= "27",
number= "12",
year= "1992",
pages= ""
};

@article{Valburg92,
author= "Johan van Valburg and Rudy J. van de Plassche",
title= "An 8-b 650-MHz folding ADC",
journal= IEEE_J_JSSC,
volume= "27",
number= "12",
year= "1992",
pages= ""
};

@article{Lewis92,
author= "Stephen H. Lewis and  H. Scott Fetterman and  George F. Gross and  Jr. and 
R. Ramachandran and  T. R. Viswanathan",
title= "A 10-b 20-Msample/s analog-to-digital converter",
journal= IEEE_J_JSSC,
volume= "27",
number= "3",
year= "1992",
pages= ""
};

@article{Toumelin92,
author= "Loi'c Le Toumelin and  Pierre Carbou and  Yves Leduc and  Pascal Guignon and 
Jan Oredsson and  Anders Lindberg",
title= "A 5-V CMOS line controller with 16-b audio converters ",
journal= IEEE_J_JSSC,
volume= "27",
number= "3",
year= "1992",
pages= ""
};

@article{Daubert92,
author= "Steven J. Daubert and David Vallancourt",
title= "A transistor-only current-mode Sigma-Delta modulator - Solid-State Circuits, IEEE Journal of",
journal= IEEE_J_JSSC,
volume= "27",
number= "5",
year= "1992",
pages= ""
};

@article{Ginetti92,
author= "Bernard Ginetti and Paul G. A. Jespers and Andre Vandemeulebroecke",
title= "A CMOS 13-b cyclic RSD A/D converter - Solid-State Circuits, IEEE Journal of",
journal= IEEE_J_JSSC,
volume= "27",
number= "7",
year= "1992",
pages= ""
};

@article{Colleran93,
author= "William T. Colleran and A. A. Abidi",
title= "A 10-b, 75-MHz two-stage pipelined bipolar A/D converter - Solid-State Circuits, IEEE Journal of",
journal= IEEE_J_JSSC,
volume= "28",
number= "12",
year= "1993",
pages= ""
};

@article{Fattaruso93,
author= "John W. Fattaruso and  Sami Kiriaki and 
Michiel de Wit and  Greg Warwar",
title= "Self-calibration techniques for a second-order multibit sigma-delta modulator",
journal= IEEE_J_JSSC,
volume= "28",
number= "12",
year= "1993",
pages= ""
};

@article{Karanicolas93,
author= "Andrew N. Karanicolas and IEEE and  Hae-Seung Lee and IEEE and  Kantilal L. Bacrania and IEEE",
title= "A 15-b 1-Msample/s digitally self-calibrated pipeline ADC",
journal= IEEE_J_JSSC,
volume= "28",
number= "12",
year= "1993",
pages= ""
};

@article{Kusumoto93,
author= "Keiichi Kusumoto and  Akira Matsuzawa and  Kenji Murata",
title= "A 10-b 20-MHz 30-mW pipelined interpolating CMOS ADC",
journal= IEEE_J_JSSC,
volume= "28",
number= "12",
year= "1993",
pages= ""
};

@article{Sone93,
author= "Kazuya Sone and  Yoshio Nishida and  Naotoshi Nakadai",
title= "A 10-b 100-Msample/s pipelined Subranging BiCMOS ADC",
journal= IEEE_J_JSSC,
volume= "28",
number= "12",
year= "1993",
pages= ""
};

@article{Jantzi93,
author= "Stephen A. Jantzi and  W. Martin Snelgrove and  Paul F. Ferguson and  Jr.",
title= "A fourth-order bandpass sigma-delta modulator",
journal= IEEE_J_JSSC,
volume= "28",
number= "3",
year= "1993",
pages= ""
};

@article{Yotsuyanagi93,
author= "Michio Yotsuyanagi and Toshiyuki Etoh and Kazumi Hirata",
title= "A 10 b 50 MHz pipelined CMOS A/D converter with S/H - Solid-State Circuits, IEEE Journal of",
journal= IEEE_J_JSSC,
volume= "28",
number= "3",
year= "1993",
pages= ""
};

@article{Conroy93,
author= "Cormac S. G. Conroy and  David W. Cline and  Paul R. Gray and IEEE",
title= "An 8-b 85-MS/s parallel pipeline A/D converter in 1- mu m CMOS",
journal= IEEE_J_JSSC,
volume= "28",
number= "4",
year= "1993",
pages= ""
};

@article{Kimura93,
author= "Hiroshi Kimura and  Akira Matsuzawa and  Takashi Nakamura and  Shigeki Sawada",
title= "A 10-b 300-MHz interpolated-parallel A/D converter",
journal= IEEE_J_JSSC,
volume= "28",
number= "4",
year= "1993",
pages= ""
};

@article{Wit93,
author= "Michiel de Wit and Khen-Sang Tan and Richard K. Hester",
title= "A low-power 12-b analog-to-digital converter with on-chip precision trimming - Solid-State Circuits, IEEE Journal of",
journal= IEEE_J_JSSC,
volume= "28",
number= "4",
year= "1993",
pages= ""
};

@article{Hurst93,
author= "Paul J. Hurst and  Roger A. Levinson and  David J. Block",
title= "A switched-capacitor delta-sigma modulator with reduced sensitivity to op-amp gain",
journal= IEEE_J_JSSC,
volume= "28",
number= "6",
year= "1993",
pages= ""
};

@article{Wei93,
author= "Sen-Jung Wei and  Hung Chang Lin and  Robert C. Potter and  Dave Shupe",
title= "A self-latching A/D converter using resonant tunneling diodes",
journal= IEEE_J_JSSC,
volume= "28",
number= "6",
year= "1993",
pages= ""
};

@article{Yin93,
author= "Guangming Yin and  Frederic Stubbe and  Willy Sansen",
title= "A 16-b 320-kHz CMOS A/D converter using two-stage third-order Sigma-Delta noise shaping ",
journal= IEEE_J_JSSC,
volume= "28",
number= "6",
year= "1993",
pages= ""
};

@article{Nys93,
author= "Olivier J. A. P. Nys and Evert Dijkstra",
title= "On configurable oversampled A/D converters",
journal= IEEE_J_JSSC,
volume= "28",
number= "7",
year= "1993",
pages= ""
};

@article{Okamoto93,
author= "Toshiyuki Okamoto and Yuichi Maruyama and Akira Yukawa",
title= "A stable high-order delta-sigma modulator with an FIR spectrum distributor - Solid-State Circuits, IEEE Journal of",
journal= IEEE_J_JSSC,
volume= "28",
number= "7",
year= "1993",
pages= ""
};

@article{Ito94,
author= "Masao Ito and  Takahiro Miki and  Shiro Hosotani and  Toshio Kumamoto and  Yukihiro Yamashita and 
Masaki Kijima and  Takashi Okuda and ",
title= "A 10 bit 20 MS/s 3 V supply CMOS A/D converter",
journal= IEEE_J_JSSC,
volume= "29",
number= "12",
year= "1994",
pages= ""
};

@article{Matsuya94,
author= "Yasuyuki Matsuya and  Junzo Yamada",
title= "1 V power supply, low-power consumption A/D conversion technique with swing-suppression noise shaping",
journal= IEEE_J_JSSC,
volume= "29",
number= "12",
year= "1994",
pages= ""
};

@article{Ritoniemi94,
author= "Tapani Ritoniemi and  Eero Pajarre. Seppo Ingalsuo and  Tim0 Husu and  Ville Eerola and  Tapio Saramiiki",
title= "A stereo audio sigma-delta A/D-converter ",
journal= IEEE_J_JSSC,
volume= "29",
number= "12",
year= "1994",
pages= ""
};

@article{Uehara94,
author= "Gregory T. Uehara and Paul R. Gray",
title= "A 100 MHz A/D interface for PRML magnetic disk read channels",
journal= IEEE_J_JSSC,
volume= "29",
number= "12",
year= "1994",
pages= ""
};

@article{Williams94,
author= "Louis A. Williams and  111 and  Bruce A. Wooley",
title= "A third-order sigma-delta modulator with extended dynamic range",
journal= IEEE_J_JSSC,
volume= "29",
number= "3",
year= "1994",
pages= ""
};

@article{Hae-Seung94,
author= "Hae-Seung Lee",
title= "A 12-b 600 ks/s digitally self-calibrated pipelined algorithmic ADC",
journal= IEEE_J_JSSC,
volume= "29",
number= "4",
year= "1994",
pages= ""
};

@article{Miki94,
author= "Takahiro Miki and  Hiroyuki Kouno and  Toshio Kumamoto and  Yasushi Kinoshita and  Takayuki Igarashi and  Keisuke Okada",
title= "A 10-b 50 MS/s 500-mW A/D converter using a differential-voltage subconverter",
journal= IEEE_J_JSSC,
volume= "29",
number= "4",
year= "1994",
pages= ""
};

@article{Guangming94,
author= "Guangming Yin and  Willy Sansen and ",
title= "A high-frequency and high-resolution fourth-order /spl Sigma//spl Delta/ A/D converter in BiCMOS technology",
journal= IEEE_J_JSSC,
volume= "29",
number= "8",
year= "1994",
pages= ""
};

@article{Macq94,
author= "D. Macq and  P. G. A. Jespers",
title= "A 10-bit pipelined switched-current A/D converter ",
journal= IEEE_J_JSSC,
volume= "29",
number= "8",
year= "1994",
pages= ""
};

@article{Pelgrom94,
author= "Marcel J. M. Pelgrom and  A. C. Jeannet v. Rens and  Maarten Vertregt and 
and Marcel",
title= "A 25-Ms/s 8-bit CMOS A/D converter for embedded application",
journal= IEEE_J_JSSC,
volume= "29",
number= "8",
year= "1994",
pages= ""
};

@article{Reyhani94,
author= "Hooman Reyhani and  Philip Quinlan",
title= "A 5 V, 6-b, 80 Ms/s BiCMOS flash ADCf",
journal= IEEE_J_JSSC,
volume= "29",
number= "8",
year= "1994",
pages= ""
};

@article{Yuan94,
author= "Jiren Yuan and Christer Svensson",
title= "A 10-bit 5-MS/s successive approximation ADC cell used in a 70-MS/s ADC array in 1.2-um CMOS",
journal= IEEE_J_JSSC,
volume= "29",
number= "8",
year= "1994",
pages= ""
};

@article{Nadeem94,
author= "Shujaat Nadeem and  Charles G. Sodini and  Hae-Seung Lee",
title= "16-channel oversampled analog-to-digital converter",
journal= IEEE_J_JSSC,
volume= "29",
number= "9",
year= "1994",
pages= ""
};

@article{Jensen95,
author= "J. F. Jensen and G. Raghavan and A. E. Cosand and R. H. Walden",
title= "A 3.2-GHz second-order delta-sigma modulator implemented in InP HBT technology - Solid-State Circuits, IEEE Journal of",
journal= IEEE_J_JSSC,
volume= "30",
number= "10",
year= "1995",
pages= ""
};

@article{Poulton95,
author= "Ken Poulton and  Knud L. Knudsen and  Associate Member and  John J. Corcoran and 
Keh-Chunn Wann and  Randy B. Nubling and  Richard L. Pierson and  Mau-Chung F. Chang and - -
Peter M. Asbeck and ",
title= "A 6-b, 4 GSa/s GaAs HBT ADC ",
journal= IEEE_J_JSSC,
volume= "30",
number= "10",
year= "1995",
pages= ""
};

@article{Bang-Sup95,
author= "Bang-Sup Song",
title= "A Fourth-Order Bandpass Delta-Sigma Modulator with Reduced Number of Op Amps - Solid-State Circuits, IEEE Journal of",
journal= IEEE_J_JSSC,
volume= "30",
number= "12",
year= "1995",
pages= ""
};

@article{Nauta95,
author= "Bram Nauta and   G. W. Venes",
title= "A 70-MS/s 110-mW 8-b CMOS Folding and Interpolating A/D Converter",
journal= IEEE_J_JSSC,
volume= "30",
number= "12",
year= "1995",
pages= "1302-1308"
};

@article{Yotsuyanagi95,
author= "Michio Yotsuyanagi and Hiroshi Hasegawa and Motoi Yamaguchi and Masaki Ishida and Kazuya Sone",
title= "A 2 V, 10 b, 20 Msample/s, Mixed-Mode Subranging CMOS A/D Converter [Special Issue Brief Papers] - Solid-State Circuits, IEEE Journal of",
journal= IEEE_J_JSSC,
volume= "30",
number= "12",
year= "1995",
pages= ""
};

@article{Cho95,
author= "Thomas Byunghak Cho and  Paul R. Gray",
title= "A 10 b, 20 Msample/s, 35 mW pipeline A/D converter",
journal= IEEE_J_JSSC,
volume= "30",
number= "3",
year= "1995",
pages= ""
};

@article{Nakamura95,
author= "Katsufumi Nakamura and  Masao Hotta and 
L. Richard Carley and  David J. Allstot",
title= "An 85 mW, 10 b, 40 Msample/s CMOS parallel-pipelined ADC",
journal= IEEE_J_JSSC,
volume= "30",
number= "3",
year= "1995",
pages= ""
};

@article{Singor94,
author= "Frank W. Singor and W. Martin Snelgrove",
title= "Switched-capacitor bandpass delta-sigma A/D modulation at 10.7 MHz",
journal= IEEE_J_JSSC,
volume= "30",
number= "3",
year= "1995",
pages= ""
};

@article{Chen95,
author= "Feng Chen and  Bosco H. Leung",
title= "A high resolution multibit sigma-delta modulator with individual level averaging",
journal= IEEE_J_JSSC,
volume= "30",
number= "4",
year= "1995",
pages= ""
};

@article{Tzi-Hsiung95,
author= "Tzi-Hsiung Shu and  Bang-Sup Song and  Kantilal Bacrania",
title= "A 13-b 10-Msample/s ADC digitally calibrated with oversampling delta-sigma converter",
journal= IEEE_J_JSSC,
volume= "30",
number= "4",
year= "1995",
pages= ""
};

@article{Chung-Yu-Wu95,
author= "Chung-Yu Wu and Chih-Cheng Chen and Jyh-Jer Cho",
title= "A CMOS transistor-only 8-b 4.5-Ms/s pipelined analog-to-digital converter using fully-differential current-mode circuit techniques",
journal= IEEE_J_JSSC,
volume= "30",
number= "5",
year= "1995",
pages= ""
};

@article{Nianxiong95,
author= "Nianxiong Tan and Sven Eriksson",
title= "A low-voltage switched-current delta-sigma modulator",
journal= IEEE_J_JSSC,
volume= "30",
number= "5",
year= "1995",
pages= ""
};

@article{Won-Chui-Song95,
author= "Won-Chul Song and  Hae-Wook Choi and  Sung-Ung Kwak and and Bang-Sup Song and  SeniorMember and  ZEEE",
title= "A 10-b 20-Msample/s low-power CMOS ADC",
journal= IEEE_J_JSSC,
volume= "30",
number= "5",
year= "1995",
pages= ""
};

@article{Nedved95,
author= "Jiri Nedved and  Jozef Vanneuville and  Donne Gevaert and  Jan Sevenhans",
title= "A transistor-only switched current sigma-delta A/D converter for a CMOS speech CODEC",
journal= IEEE_J_JSSC,
volume= "30",
number= "7",
year= "1995",
pages= ""
};

@article{Daejeong95,
author= "Daejeong Kim and  Jaejin Park and  Sungjoon Kim and  Deog-Kyoon Jeong and  Wonchan Kim",
title= "A single chip /spl Delta/-/spl Sigma/ ADC with a built-in variable gain stage and DAC with a Charge Integrating Subconverter for a 5 V 9600-bh Modem ",
journal= IEEE_J_JSSC,
volume= "30",
number= "8",
year= "1995",
pages= ""
};

@article{Mercer96,
author= "Douglas A. Mercer",
title= "A 14-b 2.5 MSPS Pipelined ADC with On-Chip EPROM ",
journal= IEEE_J_JSSC,
volume= "31",
number= "1",
year= "1996",
pages= ""
};

@article{Tzi-Hsiung96,
author= "Tzi-Hsiung Shu and  Kantilal Bacrania and  Ravindra Gokhale",
title= "A 10-b 40-Msample/s BICMOS A/D Converter",
journal= IEEE_J_JSSC,
volume= "31",
number= "10",
year= "1996",
pages= ""
};

@article{Tsukamoto96,
author= "Sanroku Tsukamoto and Ian Dedic and Toshiaki Endo and  Kazu-yoshi
Kikuta and  Kunihiko Goto and  Osamu Kobayashi",
title= "A CMOS 6-b, 200 MSample/s, 3 V-Supply A/D Converter for a PRML Read Chan
nel LSI ",
journal= IEEE_J_JSSC,
volume= "31",
number= "11",
year= "1996",
pages= ""
};

@article{Eklund96,
author= "Jan-Erik Eklund and Ragnar Arvidsson",
title= "A Multiple Sampling, Single A/D Conversion Technique for I/Q Demodulation in CMOS",
journal= IEEE_J_JSSC,
volume= "31",
number= "12",
year= "1996",
pages= ""
};

@article{Gil-Cho96,
author= "Gil-Cho Ahn and  Hee-Cheol Choi and  Shin-I1 Lim and  Seung-Hoon Lee and  Chul-Dong Lee",
title= "A 12-b, 10-MHz, 250-mW CMOS A/D Converter",
journal= IEEE_J_JSSC,
volume= "31",
number= "12",
year= "1996",
pages= ""
};

@article{Mayes96a,
author= "Michael K. Mayes and  Sing W. Chin",
title= "A 200 mW, 1 Msample/s, 16-b Pipelined A/D Converter with On-Chip 32-b Microcontroller ",
journal= IEEE_J_JSSC,
volume= "31",
number= "12",
year= "1996",
pages= ""
};

@article{Norman96,
author= "Orhan Norman",
title= "A Band-Pass Delta-Sigma Modulator for Ultrasound Imaging at 160 MHz Clock Rate",
journal= IEEE_J_JSSC,
volume= "31",
number= "12",
year= "1996",
pages= ""
};

@article{Paul96,
author= "Susanne A. Paul and Hae-Seung Lee",
title= "A 9-b Charge-to-Digital Converter for Integrated Image Sensors",
journal= IEEE_J_JSSC,
volume= "31",
number= "12",
year= "1996",
pages= ""
};

@article{vanderZwan96,
author= "Eric J. van der Zwan and E. Carel Dijkmans",
title= "A 0.2-mW CMOS /spl Sigma//spl Delta/ Modulator for Speech Coding with 80 dB Dynamic Range - Solid-State Circuits, IEEE Journal of",
journal= IEEE_J_JSSC,
volume= "31",
number= "12",
year= "1996",
pages= ""
};

@article{Venes96,
author= "Ardie G. W. Venes and  Rudy J. van de Plassche",
title= "An 80-MHz, 80-mW, 8-b CMOS Folding A/D Converter with Distributed Track-and-Hold Preprocessing ",
journal= IEEE_J_JSSC,
volume= "31",
number= "12",
year= "1996",
pages= ""
};

@article{Yu96,
author= "Paul C. Yu and  Hae-Seung Lee",
title= "A 2.5-V, 12-b, 5-MSample/s Pipelined CMOS ADC ",
journal= IEEE_J_JSSC,
volume= "31",
number= "12",
year= "1996",
pages= ""
};

@article{Mayes96b,
author= "Michael K. Mayes and  Sing W. Chin and  Lee L. Stoian",
title= "A Low-Power 1 MHz, 25 mW 12-Bit Time-Interleaved Analog-to-Digital Converter",
journal= IEEE_J_JSSC,
volume= "31",
number= "2",
year= "1996",
pages= ""
};

@article{Baird96,
author= "Rex T. Baird and  Terri S . Fiez",
title= "A Low Oversampling Ratio 14-b 500-kHz /spl Delta/spl Sigma/ ADC with a Self-Calibrated Multibit DAC ",
journal= IEEE_J_JSSC,
volume= "31",
number= "3",
year= "1996",
pages= ""
};

@article{Burmas96,
author= "Ted Vinko Burmas and  Kenneth C. Dyer and 
Paul J. Hurst and  Stephen H. Lewis",
title= "A Second-Order Double-Sampled Delta-Sigma Modulator Using Additive-Error Switching",
journal= IEEE_J_JSSC,
volume= "31",
number= "3",
year= "1996",
pages= ""
};

@article{Cline96,
author= "David W. Cline and ",
title= "A Power Optimized 13-b 5 Msamples/s Pipelined Analog-to-Digital Converter in 1.2 /spl mu/m CMOS",
journal= IEEE_J_JSSC,
volume= "31",
number= "3",
year= "1996",
pages= ""
};

@article{Bracey96,
author= "Mark Bracey and  William Redman-White and 
Judith Richardson and  John B. Hughes",
title= "A Full Nyquist 15 MS/s 8-b Differential Switched-Current A/D Converter",
journal= IEEE_J_JSSC,
volume= "31",
number= "7",
year= "1996",
pages= ""
};

@article{Roovers96,
author= "Raf Roovers and  Michiel S. J. Steyaert",
title= "A 175 Ms/s, 6 b, 160 mW, 3.3 V CMOS A/D Converter ",
journal= IEEE_J_JSSC,
volume= "31",
number= "7",
year= "1996",
pages= ""
};

@article{Portmann96,
author= "Clemenz L. Portmann and  ZEEE and  Teresa H. Y. Meng",
title= "Power-Efficient Metastability Error Reduction in CMOS Flash A/D Converters",
journal= IEEE_J_JSSC,
volume= "31",
number= "8",
year= "1996",
pages= ""
};

@article{Flynn96,
author= "Michael P. Flynn and  David J. Allstot",
title= "CMOS Folding A/D Converters with Current-Mode Interpolation",
journal= IEEE_J_JSSC,
volume= "31",
number= "9",
year= "1996",
pages= ""
};

@article{hovin97,
author= "Mats H{\o}vin and  Alf Olsen and  Tor Sverre Lande and  Chris Toumazou",
title= "Delta-Sigma Modulators Using Frequency-Modulated Intermediate Values ",
journal= IEEE_J_JSSC,
volume= "32",
number= "1",
year= "1997",
pages= ""
};

@article{Brooks97,
author= "Todd L. Brooks and David H. Robertson and Daniel F. Kelly and Anthony Del Muro  and Stephen W. Harston ",
title= "{A Cascaded Sigma-Delta Pipeline A/D Converter 
with 1.25 MHz Signal Bandwidth and 89-dB SNR}",
journal= IEEE_J_JSSC,
volume= 32,
number= 12,
year= 1997};

@article{Brooks09b,
author= "Lane Brooks and Hae-Seung Lee",
title= "{A 12b, 50MS/s, Fully Differential Zero-Crossing Based Pipelined ADC}",
journal= IEEE_J_JSSC,
volume= 44,
number= 12,
year= 2009};

@article{Bult97,
author= "Klaas Bult and Aaron Buchwald",
title= "An Embedded 240-mW 10-b 50-MS/s CMOS ADC in 1-mm/sup 2/",
journal= IEEE_J_JSSC,
volume= "32",
number= "12",
year= "1997",
pages= ""
};

@article{Jantzi97,
author= "Jantzi, S.A. and Martin, K.W. and Sedra, A.S.",
title= "Quadrature bandpass ΔΣ modulation for digital radio",
journal= IEEE_J_JSSC,
volume= "32",
number= "12",
year= "1997",
pages= ""
};

@article{Kwak97,
author= "Sung-Ung Kwak and  Bang-Sup Song and  Kantilal Bacrania",
title= "A 15-b, 5-Msample/s Low-Spurious CMOS ADC",
journal= IEEE_J_JSSC,
volume= "32",
number= "12",
year= "1997",
pages= ""
};

@article{Ong97,
author= "Ong, A.K. and Wooley, B.A.",
title= "A two-path bandpass ΣΔ modulator for digital IF extraction at 20 MHz",
journal= IEEE_J_JSSC,
volume= "32",
number= "12",
year= "1997",
pages= ""
};

@article{Senderowicz97,
author= "Senderowicz, D. and Nicollini, G. and Pernici, S. and Nagari, A. and Confalonieri, P. and Dallavalle, C.",
title= "Low-voltage double-sampled ΣΔ converters",
journal= IEEE_J_JSSC,
volume= "32",
number= "12",
year= "1997",
pages= ""
};

@article{Vorenkamp97,
author= "Pieter Vorenkamp and  Raf Roovers",
title= "A 12-b, 60-MSample/s Cascaded Folding and Interpolating ADC",
journal= IEEE_J_JSSC,
volume= "32",
number= "12",
year= "1997",
pages= ""
};

@article{Au97,
author= "Stephen Au and Bosco H. Leung",
title= "A 1.95-V, 0.34-mW, 12-b Sigma-Delta Modulator Stabilized by Local Feedba
ck Loops ",
journal= IEEE_J_JSSC,
volume= "32",
number= "3",
year= "1997",
pages= ""
};

@article{Fujimori97,
author= "Ichiro Fujimori and  Kazuo Koyama and  David Trager and  Fred Tam and  Lorenzo Longo",
title= "A 5-V Single-Chip Delta-Sigma Audio A/D Converter with 111 dB Dynamic Ra
nge",
journal= IEEE_J_JSSC,
volume= "32",
number= "3",
year= "1997",
pages= ""
};

@article{Kwang97,
author= "Kwang Young Kim and  Naoya Kusayanagi and  Asad A. Abidi",
title= "A 10-b, 100-MS/s CMOS A/D Converter",
journal= IEEE_J_JSSC,
volume= "32",
number= "3",
year= "1997",
pages= ""
};

@article{Nagarai97,
author= "Krishnaswamy Nagaraj and  H. Scott Fetterman and  Joseph
Anidjar and  Stephen H. Lewis and  Robert G. Renninger",
title= "A 250-mW, 8-b, 52-Msamples/s Parallel-Pipelined A/D Converter with Reduc
ed Number of Amplifiers",
journal= IEEE_J_JSSC,
volume= "32",
number= "3",
year= "1997",
pages= ""
};

@article{Chen97,
author= "Feng Chen and  Bosco Leung",
title= "A 0.25-mw Low-pass Passive Sigma-delta Modulator With Built-in Mixer For
 A 10-mhz IF Input",
journal= IEEE_J_JSSC,
volume= "32",
number= "6",
year= "1997",
pages= ""
};

@article{Rabii97,
author= "Shahriar Rabii and  Bruce A. Wooley",
title= "A 1.8-v Digital-audio Sigma-delta Modulator In 0.8-/spl mu/m CMOS",
journal= IEEE_J_JSSC,
volume= "32",
number= "6",
year= "1997",
pages= ""
};

@article{McCartney97,
author= "Damien McCartney and  Adrian Sherry and 
John O’Dowd and  Pat Hickey",
title= "A Low-noise Low-drift Transducer ADC",
journal= IEEE_J_JSSC,
volume= "32",
number= "7",
year= "1997",
pages= ""
};

@article{Moeneclaey97,
author= "Nicolas Moeneclaey and Andreas Kaiser",
title= "Design Techniques For High-resolution Current-mode Sigma-delta Modulator
s",
journal= IEEE_J_JSSC,
volume= "32",
number= "7",
year= "1997",
pages= ""
};

@article{Nys97,
author= "Olivier Nys and  Robert K. Henderson",
title= "A 19-bit Low-power Multibit Sigma-delta ADC Based On Data Weighted Avera
ging ",
journal= IEEE_J_JSSC,
volume= "32",
number= "7",
year= "1997",
pages= ""
};

@article{Peluso97,
author= "Vincenzo Peluso and  Michiel S. J. Steyaert and  Willy Sansen",
title= "A 1.5-V-100-/spl mu/W /spl Delta//spl Sigma/ Modulator With 12-b Dynamic
 Range Using The Switched-Opf",
journal= IEEE_J_JSSC,
volume= "32",
number= "7",
year= "1997",
pages= ""
};

@article{Thanh97,
author= "Chuc K. Thanh and  Stephen H. Lewis and  Paul J. Hurst",
title= "A Second-order Double-sampled Delta-sigma Modulator Using Individual-lev
el Averaging",
journal= IEEE_J_JSSC,
volume= "32",
number= "8",
year= "1997",
pages= ""
};

@article{King98,
author= "Eric T. King and  Aria Eshraghi and  Ian Galton and  Terri S. Fiez",
title= "A Nyquist-rate Delta-Sigma A/D Converter",
journal= IEEE_J_JSSC,
volume= "33",
number= "1",
year= "1998",
pages= ""
};

@article{Feldman98,
author= "Arnold R. Feldman and  Bernhard E. Boser and  Paul R. Gray",
title= "A 13-bit, 1.4-MS/s Sigma-Delta Modulator For RF Baseband Channel Applica
tions",
journal= IEEE_J_JSSC,
volume= "33",
number= "10",
year= "1998",
pages= ""
};

@article{Flynn98,
author= "Michael P. Flynn and  Ben Sheahan",
title= "A 400-msample/s, 6-b Cmos Folding And Interpolating Adc",
journal= IEEE_J_JSSC,
volume= "33",
number= "12",
year= "1998",
pages= ""
};

@article{Fujimori98,
author= "Ichiro Fujimori and  Tetsuro Sugimoto",
title= "A 1.5 V, 4.1 Mw Dual-channel Audio Delta~sigma D/a Converter",
journal= IEEE_J_JSSC,
volume= "33",
number= "12",
year= "1998",
pages= ""
};

@article{Ingino98,
author= "Joseph M. Ingino and  Bruce A. Wooley",
title= "A Continuously Calibrated 12-b, 10-ms/s, 3.3-v A/d Converter",
journal= IEEE_J_JSSC,
volume= "33",
number= "12",
year= "1998",
pages= ""
};

@article{Opris98,
author= "Ion E. Opris and  Laurence D. Lewicki and  Bill C. Wong",
title= "A Single-ended 12-bit 20 Msample/s Self-calibrating Pipeline A/d Convert
er",
journal= IEEE_J_JSSC,
volume= "33",
number= "12",
year= "1998",
pages= ""
};

@article{Peluso98,
author= "Vincenzo Peluso and  Peter Vancorenland and 
Augusto M. Marques and  Michel S. J. Steyaert and 
and Willy Sansen",
title= "A 900-mv Low-power A/d Converter With 77-db Dynamic Range",
journal= IEEE_J_JSSC,
volume= "33",
number= "12",
year= "1998",
pages= ""
};

@article{Tsukamoto98,
author= "Sanroku Tsukamoto and  William G. Schoﬁeld and  Toshiaki Endo",
title= "A CMOS 6-b, 400-msample/s Adc With Error Correction",
journal= IEEE_J_JSSC,
volume= "33",
number= "12",
year= "1998",
pages= ""
};

@article{Yasuda98,
author= "Akira Yasuda and  Hiroshi Tanimoto and  Tetsuya Iida",
title= "A Third-order ~ Modulator Using Second-order Noise-shaping Dynamic Eleme
nt Matching",
journal= IEEE_J_JSSC,
volume= "33",
number= "12",
year= "1998",
pages= ""
};

@article{Marques98,
author= "Augusto Manuel Marques and  Vincenzo Peluso and  Michel S. J. Steyaert and 
and Willy Sansen",
title= "A 15-b Resolution 2-mhz Nyquist Rate Adc In A 1- M Cmos Technology ",
journal= IEEE_J_JSSC,
volume= "33",
number= "7",
year= "1998",
pages= ""
};

@article{Dong-Young98,
author= "Dong-Young Chang and Seung-Hoon Lee",
title= "Design Techniques For A Low-power Low-cost Cmos A/d Converter",
journal= IEEE_J_JSSC,
volume= "33",
number= "8",
year= "1998",
pages= ""
};

@article{Hammerschmied98,
author= "Clemens M. Hammerschmied and  Qiuting Huang",
title= "Design And Implementation Of An Untrimmed Mosfet-only 10-bit A/d Convert
er With 79-db Thd",
journal= IEEE_J_JSSC,
volume= "33",
number= "8",
year= "1998",
pages= ""
};

@article{Nicollini98,
author= "Germano Nicollini and  Sergio Pernici and  Pierangelo Confalonieri and  Carlo Crippa and 
Angelo Nagari and  Sergio Mariani and  Aldo Calloni and  Massimo Moioli and  Carlo Dallavalle",
title= "A High-performance Analog Front-end 14-bit Codec For 2.7-v Digital Cellu
lar Phones",
journal= IEEE_J_JSSC,
volume= "33",
number= "8",
year= "1998",
pages= ""
};

@article{Brandt99,
author= "Brian P. Brandt and Joseph Lutsky",
title= "A 75-mW, 10-b, 20-MSPS CMOS Subranging ADC with 9.5 effective bits at Ny
quist ",
journal= IEEE_J_JSSC,
volume= "34",
number= "12",
year= "1999",
pages= ""
};

@article{Erdogan99,
author= "Ozan E. Erdo˘gan and  Paul J. Hurst and 
and Stephen H. Lewis",
title= "A 12-b digital-background-calibrated algorithmic ADC with 90-dB THD",
journal= IEEE_J_JSSC,
volume= "34",
number= "12",
year= "1999",
pages= ""
};

@article{Hoogzaad99,
author= "Gian Hoogzaad and  Raf Roovers",
title= "A 65-mW, 10-bit, 40-Msample/s BiCMOS Nyquist ADC in 0.8 mm/sup 2/",
journal= IEEE_J_JSSC,
volume= "34",
number= "12",
year= "1999",
pages= ""
};

@article{Namdar99,
author= "Ardeshir Namdar and  Bosco H. Leung",
title= "A 400-MHz, 12-bit, 18-mW, if digitizer with mixer inside a sigma-delta m
odulator loop",
journal= IEEE_J_JSSC,
volume= "34",
number= "12",
year= "1999",
pages= ""
};

@article{Paul99,
author= "Susanne A. Paul and  Hae-Seung Lee and  John Goodrich and  Titiimaea F. Alailima and  Daniel D. Santiago",
title= "A nyquist-rate pipelined oversampling A/D converter",
journal= IEEE_J_JSSC,
volume= "34",
number= "12",
year= "1999",
pages= ""
};

@article{Tao99,
author= "Hai Tao and John M. Khoury and ",
title= "A 400-Ms/s frequency translating bandpass sigma-delta modulator",
journal= IEEE_J_JSSC,
volume= "34",
number= "12",
year= "1999",
pages= ""
};

@article{vanderPloeg99,
author= "Hendrik van der Ploeg and Robert Remmers",
title= "A 3.3-V, 10-b, 25-MSample/s two-step ADC in 0.35-/spl mu/m CMOS",
journal= IEEE_J_JSSC,
volume= "34",
number= "12",
year= "1999",
pages= ""
};

@article{vanEngelen99,
author= "Jurgen A. E. P. van Engelen and  Rudy J. van de Plassche and 
Eduard Stikvoort and  Ardie G. Venes",
title= "A sixth-order continuous-time bandpass sigma-delta modulator for digital
 radio IF ",
journal= IEEE_J_JSSC,
volume= "34",
number= "12",
year= "1999",
pages= ""
};

@article{Louis99,
author= "Loai Louis and  John Abcarius and  Gordon W. Roberts",
title= "An Eighth-order Bandpass /spl Delta//spl Sigma/ Modulator For A/D Conver
sion In Digital Radio",
journal= IEEE_J_JSSC,
volume= "34",
number= "4",
year= "1999",
pages= ""
};

@article{Abo99,
author= "Andrew M. Abo and Paul R. Gray",
title= "{A 1.5-V, 10-bit, 14.3-MS/s CMOS Pipeline Analong-to-Digital Converter}",
journal= IEEE_J_JSSC,
volume= "34",
number= "5",
year= "1999",
pages= ""
};

@article{Edwards99,
author= "Christopher F. Edwards and  William Redman-White and  Mark Bracey and 
Bernard M. Tenbroek and  Associate Member and  Michael S. L. Lee and  Michael J. Uren",
title= "A multibit /spl Sigma//spl Delta/ modulator in floating-body SOS/SOI CMO
S for extreme radiation envionments",
journal= IEEE_J_JSSC,
volume= "34",
number= "7",
year= "1999",
pages= ""
};

@article{Geerts99,
author= "Yves Geerts and  Augusto Manuel Marques and  Michel S. J. Steyaert and  Willy Sansen",
title= "A 3.3-v, 15-bit, delta-sigma adc with a signal bandwidth of 1.1 mhz for 
adsl applications",
journal= IEEE_J_JSSC,
volume= "34",
number= "7",
year= "1999",
pages= ""
};

@article{Kasha99,
author= "Dan B. Kasha and  Wai L. Lee and  Axel Thomsen",
title= "A 16-mw, 120-db linear switched-capacitor delta-sigma modulator with dyn
amic biasing",
journal= IEEE_J_JSSC,
volume= "34",
number= "7",
year= "1999",
pages= ""
};

@article{Mehr99,
author= "Iuri Mehr and  Declan Dalton",
title= "A 500-msample/s, 6-bit nyquist-rate adc for disk-drive read-channel appl
ications",
journal= IEEE_J_JSSC,
volume= "34",
number= "7",
year= "1999",
pages= ""
};

@article{Nagaraj99,
author= "K. Nagaraj and  F. Chen and  T. Le and  T. R. Viswanathan",
title= "Efficient 6-bit a/d converter using a 1-bit folding front end ",
journal= IEEE_J_JSSC,
volume= "34",
number= "8",
year= "1999",
pages= ""
};

@article{Fujimori00,
author= "Ichiro Fujimori and  Lorenzo Longo and  Armond Hairapetian and  Kazushi Seiyama and  Steve Kosic and 
Jun Cao and  Shu-Lap Chan",
title= "A 90-dB SNR 2.5-MHz output-rate ADC using cascaded multibit delta-sigma 
modulation at 8X oversampling Ratio",
journal= IEEE_J_JSSC,
volume= "35",
number= "12",
year= "2000",
pages= ""
};

@article{Geerts00,
author= "Yves Geerts and  Michel S. J. Steyaert and  Willy Sansen",
title= "A high-performance multibit /spl Delta//spl Sigma/ CMOS ADC",
journal= IEEE_J_JSSC,
volume= "35",
number= "12",
year= "2000",
pages= ""
};

@article{Moreland00,
author= "Carl Moreland and  Frank Murden and  Michael Elliott and  Joe Young and  Mike Hensley and  Russell Stop",
title= "A 14-bit 100-Msample/s Subranging ADC",
journal= IEEE_J_JSSC,
volume= "35",
number= "12",
year= "2000",
pages= ""
};

@article{Myung-Jun00,
author= "Myung-Jun Choe and  Bang-Sup Song and  Kantilal Bacrania",
title= "A 13-b 40-MSamples/s CMOS pipelined folding ADC with background offset t
rimming",
journal= IEEE_J_JSSC,
volume= "35",
number= "12",
year= "2000",
pages= ""
};

@article{Nagaraj00,
author= "Krishnaswamy Nagaraj and  David A. Martin and  Mark Wolfe and  Ranjan Chattopadhyay and 
Shanthi Pavan and  Jason Cancio and  T. R. Viswanathan",
title= "A dual-mode 700-msamples/s 6-bit 200-msamples/s 7-bit a/d converter in a
 0.25-/spl mu/m digital CMOS",
journal= IEEE_J_JSSC,
volume= "35",
number= "12",
year= "2000",
pages= ""
};

@article{Pan00,
author= "Hui Pan and  Masahiro Segami and  Michael Choi and  Jing Cao and  Asad A. Abidi",
title= "A 3.3-V 12-b 50-MS/s A/D converter in 0.6-/spl mu/m CMOS with over 80-dB
 SFDR ",
journal= IEEE_J_JSSC,
volume= "35",
number= "12",
year= "2000",
pages= ""
};

@article{Tabatabei00,
author= "Ali Tabatabaei and Bruce A. Wooley",
title= "A two-path bandpass sigma-delta modulator with extended noise shaping",
journal= IEEE_J_JSSC,
volume= "35",
number= "12",
year= "2000",
pages= ""
};

@article{vanderZwan00,
author= "Eric J. van der Zwan and  Kathleen Philips and  Corné A. A. Bastiaansen",
title= "A 10.7-MHz IF-to-baseband /spl Sigma//spl delta/ A/D conversion system for AM/FM radio receivers",
journal= IEEE_J_JSSC,
volume= "35",
number= "12",
year= "2000",
pages= ""
};

@article{Enz00,
author= "Wei-Shinn Wey and Yu-Chung Huang",
title= "A CMOS delta-sigma true RMS converter",
journal= IEEE_J_JSSC,
volume= "35",
number= "2",
year= "2000",
pages= ""
};

@article{Opris00,
author= "Ion E. Opris and  Bill C. Wong and  Sing W. Chin",
title= "A pipeline A/D converter architecture with low DNL",
journal= IEEE_J_JSSC,
volume= "35",
number= "2",
year= "2000",
pages= ""
};

@article{Schen-Iuan00,
author= "Shen-Iuan Liu and  Chien-Hung Kuo and  Ruey-Yuan Tsai and  Jingshown Wu",
title= "A double-sampling pseudo-two-path bandpass /spl Delta//Sigma/ modulator ",
journal= IEEE_J_JSSC,
volume= "35",
number= "2",
year= "2000",
pages= ""
};

@article{Fogelman00,
author= "Eric Fogleman and  Ian Galton and  William Huff and 
Henrik Jensen",
title= "A 3.3-V single-poly CMOS audio ADC Delta-Sigma modulator with 98-dB peak
 SINAD and 105-dB peak SFDR",
journal= IEEE_J_JSSC,
volume= "35",
number= "3",
year= "2000",
pages= ""
};

@article{Mehr00,
author= "Iuri Mehr and Larry Singer",
title= "A 55-mW, 10-bit, 40-Msample/s Nyquist-rate CMOS ADC",
journal= IEEE_J_JSSC,
volume= "35",
number= "3",
year= "2000",
pages= ""
};

@article{Wang00,
author= "Yun-Ti Wang and Behzad Razavi",
title= "An 8-bit 150-MHz CMOS A/D converter",
journal= IEEE_J_JSSC,
volume= "35",
number= "3",
year= "2000",
pages= ""
};

@article{Bang-Sup00,
author= "Bang-Sup Song and  Patrick L. Rakers and  Steven F. Gillig",
title= "A 1-v 6-b 50-msamples/s current-interpolating cmos adc",
journal= IEEE_J_JSSC,
volume= "35",
number= "4",
year= "2000",
pages= ""
};

@article{Breems00,
author= "Lucien J. Breems and  Eric J. van der Zwan and  Johan H. Huijsing",
title= "A 1.8-mw cmos /spl Sigma//spl Delta/ modulator with integrated mixer for
 a/d conversion of if signal",
journal= IEEE_J_JSSC,
volume= "35",
number= "4",
year= "2000",
pages= ""
};

@article{Maulik00,
author= "Prabir C. Maulik and  Mandeep S. Chadha and  Wai L. Lee and  Philip J. Crawley",
title= "A 16-bit 250-khz delta-sigma modulator and decimation filter",
journal= IEEE_J_JSSC,
volume= "35",
number= "4",
year= "2000",
pages= ""
};

@article{Mortezapour00,
author= "Siamak Mortezapour and Edward K. F. Lee",
title= "A 1-v, 8-bit successive approximation ADC in standard CMOS process",
journal= IEEE_J_JSSC,
volume= "35",
number= "4",
year= "2000",
pages= ""
};

@article{Nagari00,
author= "Angelo Nagari and  Alessandro Mecchia and  Ermes Viani and  Sergio Pernici and 
Pierangelo Confalonieri and  Germano Nicollini",
title= "A 2.7-V 11.8-mW baseband ADC with 72-dB dynamic range for GSM applicatio
ns",
journal= IEEE_J_JSSC,
volume= "35",
number= "6",
year= "2000",
pages= ""
};

@article{Maurino00,
author= "Roberto Maurino and  Peter Mole",
title= "A 200-MHz IF 11-bit fourth-order bandpass /spl utri//spl Sigma/ in SiGe ",
journal= IEEE_J_JSSC,
volume= "35",
number= "7",
year= "2000",
pages= ""
};

@article{Morizio00,
author= "James C. Morizio and  Michael Hoke and  Taskin Kocak and  Clark Geddie and 
Chris Hughes and  John Perry and  Srinadh Madhavapeddi and  Michael H. Hood and  George Lynch and 
Harufusa Kondoh and  Toshio Kumamoto and  Takashi Okuda and  Hiroshi Noda and  Masahiko Ishiwaki and  Takahiro Miki and 
Masao Nakaya",
title= "14-bit 2.2-MS/s Sigma-delta ADC's",
journal= IEEE_J_JSSC,
volume= "35",
number= "7",
year= "2000",
pages= ""
};

@article{Ming-Huang01,
author= "Ming-Huang Liu and Shen-Iuan Liu",
title= "An 8-bit 10 /s folding and interpolating ADC using the continuous-time a
uto-zero technique",
journal= IEEE_J_JSSC,
volume= "36",
number= "1",
year= "2001",
pages= ""
};

@article{Waltari01,
author= "Mikko Waltari and  Kari A. I. Halonen",
title= "1-V 9-bit pipelined switched-opamp ADC",
journal= IEEE_J_JSSC,
volume= "36",
number= "1",
year= "2001",
pages= ""
};

@article{Chien-Hung01,
author= "Chien-Hung Kuo and  Shr-Lung Chen and  Lee-An Ho and  Shen-Iuan Liu",
title= "Cmos oversampling /spl SIgma/s/spl Delta/ magnetic-to-digital converters
",
journal= IEEE_J_JSSC,
volume= "36",
number= "10",
year= "2001",
pages= ""
};

@article{Ming01,
author= "Jun Ming and  Stephen H. Lewis",
title= "An 8-bit 80-Msample/s pipelined analog-to-digital converter with backgro
und calibration",
journal= IEEE_J_JSSC,
volume= "36",
number= "10",
year= "2001",
pages= "1489-1497"
};

@article{Breems01,
author= "Lucien J. Breems and  Eise Carel Dijkmans and  Johan H. Huijsing",
title= "A quadrature data-dependent DEM algorithm to improve image rejection of 
a complex /spl Simga//spl Delta Modulator",
journal= IEEE_J_JSSC,
volume= "36",
number= "12",
year= "2001",
pages= ""
};

@article{Burger01,
author= "Thomas Burger and  Qiuting Huang",
title= "A 13.5-mw 185-Msample/s /spl Delta//spl Sigma/ modulator for UMTS/GSM du
al-standard IF reception",
journal= IEEE_J_JSSC,
volume= "36",
number= "12",
year= "2001",
pages= ""
};

@article{Choi01,
author= "Michael Choi and Asad A. Abidi",
title= "A 6-b 1.3-Gsample/s A/D converter in 0.35-/spl mu/m CMOS",
journal= IEEE_J_JSSC,
volume= "36",
number= "12",
year= "2001",
pages= ""
};

@article{Gulati01,
author= "Kush Gulati and  Hae-Seung Lee",
title= "A low-power reconfigurable analog-to-digital converter",
journal= IEEE_J_JSSC,
volume= "36",
number= "12",
year= "2001",
pages= ""
};

@article{vanderPloeg01,
author= "Hendrik van der Ploeg and  Gian Hoogzaad and  Henk A. H. Termeer and  Maarten Vertregt and  Raf L. J. Roovers",
title= "A 2.5-v 12-b 54-msample/s 0.25-/spl mu/m CMOS ADC in 1-mm/sup 2/ with mi
xed-signal chopping and calibration",
journal= IEEE_J_JSSC,
volume= "36",
number= "12",
year= "2001",
pages= ""
};

@article{Vleugels01,
author= "Katelijn Vleugels and  Shahriar Rabii and  Bruce A. Wooley",
title= "A 2.5-V sigma-delta modulator for broadband communications applications 
",
journal= IEEE_J_JSSC,
volume= "36",
number= "12",
year= "2001",
pages= ""
};

@article{Yang01,
author= "Wenhua (Will) Yang and  Dan Kelly and  Iuri Mehr and 
Mark T. Sayuk and  Larry Singer",
title= "A 3-V 340mW 14-b 75-Msample/s CMOS ADC with 85-dB SFDR at Nyquist input 
",
journal= IEEE_J_JSSC,
volume= "36",
number= "12",
year= "2001",
pages= ""
};

@article{Myung01,
author= "Myung-Jun Choe and  Bang-Sup Song and  Kantilal Bacrania",
title= "An 8-b 100-MSample/s CMOS pipelined folding ADC ",
journal= IEEE_J_JSSC,
volume= "36",
number= "2",
year= "2001",
pages= ""
};

@article{Rombouts01,
author= "Pieter Rombouts and  Wim De Wilde and  Ludo Weyten",
title= "A 13.5-b 1.2-V micropower extended counting A/D converter",
journal= IEEE_J_JSSC,
volume= "36",
number= "2",
year= "2001",
pages= ""
};

@article{Thompson01,
author= "Dwight U. Thompson and Bruce A. Wooley",
title= "A 15-b pipelined CMOS floating-point A/D converter",
journal= IEEE_J_JSSC,
volume= "36",
number= "2",
year= "2001",
pages= ""
};

@article{Dessouky01,
author= "Mohamed Dessouky and  Andreas Kaiser",
title= "Very low-voltage digital-audio /spl Delta//spl Sigma/ modulator with 88-
dB dynamic range using local",
journal= IEEE_J_JSSC,
volume= "36",
number= "3",
year= "2001",
pages= ""
};

@article{Fogelman01,
author= "Eric Fogleman and  Jared Welz and  Ian Galton",
title= "An audio ADC Delta-Sigma modulator with 100-db peak sinad and 102-db DR 
using a second-order mismatch-shaping DAC",
journal= IEEE_J_JSSC,
volume= "36",
number= "3",
year= "2001",
pages= ""
};

@article{Taft01,
author= "Robert C. Taft and  Maria Rosaria Tursi",
title= "A 100-MS/s 8-b CMOS Subranging ADC with sustained parametric performance
 from 3.8 v down to 2.2 v ",
journal= IEEE_J_JSSC,
volume= "36",
number= "3",
year= "2001",
pages= ""
};

@article{Wang01,
author= "Chris Binan Wang",
title= "A 20-bit 25-kHz Delta-Sigma A/D converter utilizing a frequency-shaped c
hopper stabilization schemer",
journal= IEEE_J_JSSC,
volume= "36",
number= "3",
year= "2001",
pages= ""
};

@article{Cusinato01,
author= "Paolo Cusinato and  Davide Tonietto and  Fabrizio Stefani and  Andrea Baschirotto",
title= "A 3.3-V CMOS 10.7-MHz sixth-order bandpass /spl Sigma//spl Delta/ modula
tor with 74-dB dynamic range ",
journal= IEEE_J_JSSC,
volume= "36",
number= "4",
year= "2001",
pages= ""
};

@article{Hsin-Shu01,
author= "Hsin-Shu Chen and  Bang-Sup Song and  Kantilal Bacrania",
title= "A 14-b 20-MSamples/s CMOS pipelined ADC",
journal= IEEE_J_JSSC,
volume= "36",
number= "6",
year= "2001",
pages= ""
};

@article{Promitzer01,
author= "Gilbert Promitzer",
title= "12-bit low-power fully differential switched capacitor noncalibrating su
ccessive approximation ADC with 1 MS/s
",
journal= IEEE_J_JSSC,
volume= "36",
number= "7",
year= "2001",
pages= ""
};

@article{Sumanen01,
author= "Lauri Sumanen and  Mikko Waltari and  Kari A. I. Halonen",
title= "A 10-bit 200-MS/s CMOS parallel pipeline A/D converter",
journal= IEEE_J_JSSC,
volume= "36",
number= "7",
year= "2001",
pages= ""
};

@article{Tille01,
author= "Thomas Tille and  Jens Sauerbrey and  Doris Schmitt-Landsiedel",
title= "A 1.8-V MOSFET only /spl Sigma//spl Delta/ modulator using substrate bia
sed depletion-mode MOS capacitors
in Series Compensation",
journal= IEEE_J_JSSC,
volume= "36",
number= "7",
year= "2001",
pages= ""
};

@article{Jaganathan01,
author= "Shrinivasan Jaganathan and  Sundararajan Krishnan and  Dino Mensa and  Thomas Mathew and  Yoram Betser and  Yun Wei and 
Dennis Scott and  Miguel Urteaga and  Mark Rodwell",
title= "An 18-GHz Continuous-Time \u2013 Analog\u2013Digital
Converter Implemented in InP-Transferred Substrate
HBT Technologyp",
journal= IEEE_J_JSSC,
volume= "36",
number= "9",
year= "2001",
pages= ""
};

@article{Oliaei02,
author= "Omid Oliaei and  Patrick Clément and  Philippe Gorisse",
title= "A 5-mW sigma-delta modulator with 84-dB dynamic range for GSM/EDGE ",
journal= IEEE_J_JSSC,
volume= "37",
number= "1",
year= "2002",
pages= ""
};

@article{Tai-Haur02,
author= "Tai-Haur Kuo and  Kuan-Dar Chen and  Horng-Ru Yeng",
title= "A wideband cmos sigma-delta modulator with incremental data weighted ave
raging",
journal= IEEE_J_JSSC,
volume= "37",
number= "1",
year= "2002",
pages= ""
};

@article{Cheung02,
author= "Vincent S. L. Cheung and  Howard C. Luong and  Wing-Hung Ki",
title= "A 1-v 10.7-mhz switched-opamp bandpass /spl Sigma//spl Delta/ modulator 
using double-sampling finitee-Gain-Compensation Technique",
journal= IEEE_J_JSSC,
volume= "37",
number= "10",
year= "2002",
pages= ""
};

@article{Bulzacchelli02,
author= "John F. Bulzacchelli and  Hae-Seung Lee and  James A. Misewich and 
Mark B. Ketchen",
title= "Superconducting Bandpass 16 Modulator With
2.23-GHz Center Frequency and 42.6-GHz
Sampling Rate",
journal= IEEE_J_JSSC,
volume= "37",
number= "12",
year= "2002",
pages= ""
};

@article{Gupta02,
author= "Sandeep K. Gupta and  Victor Fong",
title= "A 64-MHz clock-rate /spl Sigma//spl Delta/ ADC with 88-dB SNDR and - 105
-dB IM3 distortion at a 1.5-MHz signal frequency",
journal= IEEE_J_JSSC,
volume= "37",
number= "12",
year= "2002",
pages= ""
};

@article{Henkel02,
author= "Frank Henkel and  Ulrich Langmann and  André Hanke and 
Stefan Heinen and  Elmar Wagner",
title= "A1-MHz-bandwidth second-order continuous-time quadrature bandpass sigma-
delta modulator for low-IF radio receivers",
journal= IEEE_J_JSSC,
volume= "37",
number= "12",
year= "2002",
pages= ""
};

@article{Jamal02,
author= "Shafiq M. Jamal and  Daihong Fu and  Nick C.-J. Chang and  Paul J. Hurst and ",
title= "A 10-b 120-msample/s time-interleaved analog-to-digital converter with d
igital background calibration ",
journal= IEEE_J_JSSC,
volume= "37",
number= "12",
year= "2002",
pages= ""
};

@article{Lin02,
author= "Jerry (Heng-Chih) Lin and  Baher Haroun",
title= "{An Embedded 0.8 V/480 $\mu$W 6B/22 MHz Flash ADC
in 0.13-um Digital CMOS Process Using a Nonlinear
Double Interpolation Technique}",
journal= IEEE_J_JSSC,
volume= "37",
number= "12",
year= "2002",
pages= ""
};

@article{Sauerbrey02,
author= "Jens Sauerbrey and  Thomas Tille and  Doris Schmitt-Landsiedel and 
Roland Thewes",
title= "A 0.7-V MOSFET-Only Switched-Opamp 61
Modulator in Standard Digital CMOS Technology",
journal= IEEE_J_JSSC,
volume= "37",
number= "12",
year= "2002",
pages= ""
};

@article{Scheier02,
author= "Richard Schreier and  Jennifer Lloyd and  Larry Singer and  Donald Paterson and 
Mike Timko and  Michael Hensley and  Greg Patterson and  Associate Member and  Kevin Behel and 
James Zhou",
title= "A 10~300-MHz IF-digitizing IC with 90-105-dB dynamic range and 15-333-kH
z bandwidth",
journal= IEEE_J_JSSC,
volume= "37",
number= "12",
year= "2002",
pages= ""
};

@article{Scholtens02,
author= "Peter C. S. Scholtens and  Maarten Vertregt",
title= "A 6-b 1.6-Gsample/s Flash ADC in 0.18-um CMOS
Using Averaging Termination",
journal= IEEE_J_JSSC,
volume= "37",
number= "12",
year= "2002",
pages= ""
};

@article{vanVeldhoven02,
author= "Robert H. M. van Veldhoven and  Brian J. Minnis and  Hans A. Hegt and 
Arthur H. M. van Roermund",
title= "A 3.3-mW /spl Sigma//spl Delta/ modulator for UMTS in 0.18-/spl mu/m CMO
S with 70-dB dynamic range in 2-MHz bandwidth",
journal= IEEE_J_JSSC,
volume= "37",
number= "12",
year= "2002",
pages= ""
};

@article{Baidechi02,
author= "Ovidiu Bajdechi and  Johan H. Huijsing",
title= "A 1.8-V /spl Delta//spl Sigma/ modulator interface for an electret micro
phone with on-chip reference",
journal= IEEE_J_JSSC,
volume= "37",
number= "3",
year= "2002",
pages= ""
};

@article{Donovan02,
author= "Conor Donovan and Michael P. Flynn",
title= "A digital 6-bit ADC in 0.25-/spl mu/m CMOS",
journal= IEEE_J_JSSC,
volume= 37,
number= 3,
year= 2002};

@article{Grilo02,
author= "Jorge Grilo and  Ian Galton and  Kevin Wang and 
Raymond G. Montemayor and  Associate Member",
title= "A 12-mW ADC delta-sigma modulator with 80 dB of dynamic range integrated
 in a single-chip bluetooth",
journal= IEEE_J_JSSC,
volume= "37",
number= "3",
year= "2002",
pages= ""
};

@article{Mehr02,
author= "Iuri Mehr and  Prabir C. Maulik and  Donald Paterson",
title= "A 12-bit integrated analog front end for broadband wireline networks",
journal= IEEE_J_JSSC,
volume= "37",
number= "3",
year= "2002",
pages= ""
};

@article{Shabra02,
author= "Ayman Shabra and Hae-Seung Lee",
title= "Oversampled pipeline A/D converters with mismatch shaping ",
journal= IEEE_J_JSSC,
volume= "37",
number= "5",
year= "2002",
pages= ""
};

@article{Chuang02,
author= "Shang-Yuan (Sean) Chuang and  Terry L. Sculley",
title= "A Digitally Self-Calibrating 14-bit 10-MHz
CMOS Pipelined A/D Converter",
journal= IEEE_J_JSSC,
volume= "37",
number= "6",
year= "2002",
pages= ""
};

@article{Keskin02,
author= "Mustafa Keskin and  Un-Ku Moon and  Gabor C. Temes",
title= "A 1-V 10-MHz clock-rate 13-bit CMOS /spl Delta//spl Sigma/ modulator usi
ng unity-gain-reset opamps",
journal= IEEE_J_JSSC,
volume= "37",
number= "6",
year= "2002",
pages= ""
};

@article{Salo02,
author= "Teemu Salo and  Saska Lindfors and  Kari A. I. Halonen",
title= "A 80-MHz Bandpass 16 Modulator for a
100-MHz IF Receiver",
journal= IEEE_J_JSSC,
volume= "37",
number= "6",
year= "2002",
pages= ""
};

@article{Ueno02,
author= "Takeshi Ueno and  Akira Yasuda and  Takafumi Yamaji and  Tetsuro Itakura",
title= "A fourth-order bandpass /spl Delta/-/spl Sigma/ modulator using second-o
rder bandpass noise-shaping",
journal= IEEE_J_JSSC,
volume= "37",
number= "6",
year= "2002",
pages= ""
};

@article{Chi-Sheng03,
author= "Chi-Sheng Lin and Bin-Da Liu",
title= "A new successive approximation architecture for low-power low-cost CMOS 
A/D converter",
journal= IEEE_J_JSSC,
volume= "38",
number= "1",
year= "2003",
pages= ""
};

@article{Wang03,
author= "Chris Binan Wang and  Sonny Ishizuka and  Bill Yang Liu",
title= "A 113-dB DSD Audio ADC Using a Density-Modulated Dithering Schem",
journal= IEEE_J_JSSC,
volume= "38",
number= "1",
year= "2003",
pages= ""
};

@article{Watanabe03,
author= "Takamoto Watanabe and  Tamotsu Mizuno and  Yasuaki Makino",
title= "An All-Digital Analog-to-Digital Converter With 12-uV/LSB Using
Moving-Average Filtering",
journal= IEEE_J_JSSC,
volume= "38",
number= "1",
year= "2003",
pages= ""
};

@article{Rombouts03,
author= "Pieter Rombouts and  Jeroen De Maeyer and  Ludo Weyten",
title= "A 250-khz 94-db double-sampling /spl Sigma//spl Delta/ modulation a/d co
nverter with a modified noise transfer function",
journal= IEEE_J_JSSC,
volume= "38",
number= "10",
year= "2003",
pages= ""
};

@article{Byung-Moo03,
author= "Byung-Moo Min and  Peter Kim and  Frederick W. Bowman and  III and 
David M. Boisvert and  Arlo J. Aude",
title= "A 69-mW 10-bit 80-MSample/s Pipelined
CMOS ADC",
journal= IEEE_J_JSSC,
volume= "38",
number= "12",
year= "2003",
pages= ""
};

@article{Murmann03,
author= "Boris Murmann and  Bernhard E. Boser",
title= "{A 12-bit 75-MS/s pipelined ADC using open-loop residue amplification}",
journal= IEEE_J_JSSC,
volume= "38",
number= "12",
year= "2003",
pages= ""
};

@article{Nathawad03,
author= "Lalitkumar Y. Nathawad and  Ryohei Urata and 
Bruce A. Wooley and  David A. B. Miller",
title= "A 40-GHz-Bandwidth, 4-Bit, Time-Interleaved A/D
Converter Using Photoconductive Sampling",
journal= IEEE_J_JSSC,
volume= "38",
number= "12",
year= "2003",
pages= ""
};

@article{vanVeldhoven03,
author= "Robert H. M. van Veldhoven",
title= "A triple-mode continuous-time /spl Sigma//spl Lambda/ modulator with swi
tched-capacitor feedback dac for a GSM-EDGE/CDMA2000/UMTS receiver ",
journal= IEEE_J_JSSC,
volume= "38",
number= "12",
year= "2003",
pages= ""
};

@article{YuQing03,
author= "YuQing Yang and  Amiya Chokhawala and  Mark Alexander and  John Melanson and  Dylan Hester",
title= "A 114-db 68-mW chopper-stabilized stereo multibit audio ADC in 5.62 mm/s
up 2/ ",
journal= IEEE_J_JSSC,
volume= "38",
number= "12",
year= "2003",
pages= ""
};

@article{Zanchi03,
author= "Alfio Zanchi and Frank Tsay and Ioannis Papantonopoluos",
title= "Impact of capacitor dielectric relaxation on a 14-bit 70-MS/s pipeline A
DC in 3-V BiCMOS ",
journal= IEEE_J_JSSC,
volume= "38",
number= "12",
year= "2003",
pages= ""
};

@article{Miyazaki03,
author= "Daisuke Miyazaki and  Shoji Kawahito and 
Masanori Furuta",
title= "A 10-b 30-MS/s low-power pipelined CMOS A/D converter using a pseudodiff
erential architecture",
journal= IEEE_J_JSSC,
volume= "38",
number= "2",
year= "2003",
pages= ""
};

@article{Miller03,
author= "Matthew R. Miller and  Craig S. Petrie",
title= "A Multibit Sigma/Delta ADC
for Multimode Receivers",
journal= IEEE_J_JSSC,
volume= "38",
number= "3",
year= "2003",
pages= ""
};

@article{Salo03,
author= "Teemu O. Salo and  Saska J. Lindfors and  Tuomas M. Hollman and  Jere A. M. Järvinen and 
Kari A. I. Halonen",
title= "80-MHz bandpass /spl Delta//spl Sigma/ modulators for multimode digital 
IF receivers",
journal= IEEE_J_JSSC,
volume= "38",
number= "3",
year= "2003",
pages= ""
};

@article{Uyttenhove03a,
author= "Koen Uyttenhove and  Jan Vandenbussche and  Erik Lauwers and  Georges G. E. Gielen and 
Michiel S. J. Steyaert",
title= "Design Techniques and Implementation of
an 8-bit 200-MS/s Interpolating/Averaging
CMOS A/D Converter",
journal= IEEE_J_JSSC,
volume= "38",
number= "3",
year= "2003",
pages= ""
};

@article{Blecker03,
author= "Eric B. Blecker and  Thomas M. McDonald and  Ozan E. Erdo˘gan and  Paul J. Hurst and 
and Stephen H. Lewis",
title= "Digital background calibration of an algorithmic analog-to-digital conve
rter using a simplified queue",
journal= IEEE_J_JSSC,
volume= "38",
number= "6",
year= "2003",
pages= ""
};

@article{Davis03,
author= "Cailin Davis and  Ivars Finvers",
title= "A 14-Bit High-Temperature Sigma-Delta Modulator
in Standard CMOS",
journal= IEEE_J_JSSC,
volume= "38",
number= "6",
year= "2003",
pages= ""
};

@article{Gaggl03,
author= "Richard Gaggl and  Andreas Wiesbauer and  Gerhard Fritz and  Christian Schranz and  Peter Pessl",
title= "A 85-dB dynamic range multibit delta-sigma ADC for ADSL-CO applications 
in 0.18-/spl mu/m CMOS",
journal= IEEE_J_JSSC,
volume= "38",
number= "7",
year= "2003",
pages= ""
};

@article{Kappes03,
author= "Michael S. Kappes",
title= "A 2.2-mW CMOS Bandpass Continuous-Time
Multibit 1–6 ADC With 68 dB of Dynamic Range
and 1-MHz Bandwidth for Wireless Applications",
journal= IEEE_J_JSSC,
volume= "38",
number= "7",
year= "2003",
pages= ""
};

@article{Kaviani03,
author= "Kambiz Kaviani and  Ömer Oralkan and  Pierre Khuri-Yakub and 
and Bruce A. Wooley",
title= "A Multichannel Pipeline Analog-to-Digital Converter
for an Integrated 3-D Ultrasound Imaging System",
journal= IEEE_J_JSSC,
volume= "38",
number= "7",
year= "2003",
pages= ""
};

@article{Sauerbrey03,
author= "Jens Sauerbrey and  Doris Schmitt-Landsiedel and  Roland Thewes",
title= "A 0.5-v 1 uW successive approximation adc ",
journal= IEEE_J_JSSC,
volume= "38",
number= "7",
year= "2003",
pages= ""
};

@article{Scott03,
author= "Michael D. Scott and  Bernhard E. Boser and  Kristofer S. J. Pister",
title= "{An ultralow-energy ADC for smart dust}",
journal= IEEE_J_JSSC,
volume= "38",
number= "7",
year= "2003",
pages= ""
};

@article{Uyttenhove03b,
author= "Koen Uyttenhove and Michiel S. J. Steyaert",
title= "A 1.8-V 6-bit 1.3-GHz flash ADC in 0.25-/spl mu/m CMOS",
journal= IEEE_J_JSSC,
volume= "38",
number= "7",
year= "2003",
pages= ""
};

@article{Dong-Young03,
author= "Dong-Young Chang and Un-Ku Moon",
title= "A 1.4-v 10-bit 25-ms/s pipelined adc using opamp-reset switching techniq
ue",
journal= IEEE_J_JSSC,
volume= "38",
number= "8",
year= "2003",
pages= ""
};

@article{Gerfers03,
author= "Friedel Gerfers and  Maurits Ortmanns and  Yiannos Manoli",
title= "A 1.5-v 12-bit power-efficient continuous-time third-order /spl Sigma//s
pl Delta/ modulator",
journal= IEEE_J_JSSC,
volume= "38",
number= "8",
year= "2003",
pages= ""
};

@article{Yunchu03,
author= "Yunchu Li and  Edgar Sánchez-Sinencio",
title= "A Wide Input Bandwidth 7-bit 300-MSample/s Folding
and Current-Mode Interpolating ADC",
journal= IEEE_J_JSSC,
volume= "38",
number= "8",
year= "2003",
pages= ""
};

@article{Inerfield03,
author= "Michael Inerfield and  William Skones and  Steve Nelson and  Daniel Ching and  Peter Cheng and 
Colin Wong",
title= "High dynamic range InP HBT delta-sigma analog-to-digital converters",
journal= IEEE_J_JSSC,
volume= "38",
number= "9",
year= "2003",
pages= ""
};

@article{Roxin04,
author= "Ruoxin Jiang and  Terri S. Fiez",
title= "A 14-bit 16 ADC With 8 OSR and 4-MHz
Conversion Bandwidth in a 0.18-um CMOS Process",
journal= IEEE_J_JSSC,
volume= "39",
number= "1",
year= "2004",
pages= ""
};

@article{Vessal04,
author= "Farhang Vessal and  C. Andre T. Salama",
title= "An 8-Bit 2-Gsample/s Folding-Interpolating Analog-to-Digital
Converter in SiGe Technology",
journal= IEEE_J_JSSC,
volume= "39",
number= "1",
year= "2004",
pages= ""
};

@article{Yan04,
author= "
    Shouli Yan and  Edgar Sánchez-Sinencio
  ",
title= "A Continuous-Time 61 Modulator With 88-dB
Dynamic Range and 1.1-MHz Signal Bandwidth",
journal= IEEE_J_JSSC,
volume= "39",
number= "1",
year= "2004",
pages= ""
};

@article{Cosand04,
author= "Albert E. Cosand and  Joseph F. Jensen and  H. Chris Choe and 
Charles H. Fields",
title= "IF-Sampling Fourth-Order Bandpass 16 Modulator
for Digital Receiver Applications",
journal= IEEE_J_JSSC,
volume= "39",
number= "10",
year= "2004",
pages= ""
};

@article{Jaesik04,
author= "Jaesik Lee and  Pascal Roux and  Ut-Va Koc and  Thomas Link and 
Yves Baeyens and  Young-Kai Chen",
title= "A 5-b 10-GSample/s A/D Converter
for 10-Gb/s Optical Receivers",
journal= IEEE_J_JSSC,
volume= "39",
number= "10",
year= "2004",
pages= ""
};

@article{Chien-Hung04,
author= "Chien-Hunk Kuo and Shen-Iuan Liu",
title= "A 1-V 10.7-MHz Fourth-Order Bandpass 16 Modulators
Using Two Switched Opamps",
journal= IEEE_J_JSSC,
volume= "39",
number= "11",
year= "2004",
pages= ""
};

@article{Dagher04,
author= "Elias H. Dagher and  Peter A. Stubberud and  Wesley K. Masenten and  Life Member and 
Matteo Conta and  Thang Victor Dinh",
title= "A 2-GHz Analog-to-Digital Delta-Sigma Modulator
for CDMA Receivers With 79-dB Signal-to-Noise
Ratio in 1.23-MHz Bandwidth",
journal= IEEE_J_JSSC,
volume= "39",
number= "11",
year= "2004",
pages= ""
};

@article{Libin04,
author= "Libin Yao and  Michiel S. J. Steyaert and  Willy Sansen",
title= "A 1-V 140-uW 88-dB Audio Sigma-Delta Modulator
in 90-nm CMOS",
journal= IEEE_J_JSSC,
volume= "39",
number= "11",
year= "2004",
pages= ""
};

@article{Xiaoyue04,
author= "Xiaoyue Wang and  Paul J. Hurst and  Stephen H. Lewis",
title= "A 12-Bit 20-Msample/s Pipelined Analog-to-Digital
Converter With Nested Digital
Background Calibration",
journal= IEEE_J_JSSC,
volume= "39",
number= "11",
year= "2004",
pages= ""
};

@article{Amini04,
author= "Babak Vakili Amini and  Farrokh Ayazi",
title= "A 2.5-V 14-bit 61 CMOS SOI
Capacitive Accelerometer",
journal= IEEE_J_JSSC,
volume= "39",
number= "12",
year= "2004",
pages= ""
};

@article{Balmelli04,
author= "Pio Balmelli and  Qiuting Huang",
title= "A 25-MS/s 14-b 200-mW 61 Modulator
in 0.18-um CMOS",
journal= IEEE_J_JSSC,
volume= "39",
number= "12",
year= "2004",
pages= ""
};

@article{Breems04,
author= "Lucien J. Breems and  Robert Rutten and  Gunnar Wetzker",
title= "A Cascaded Continuous-Time 61 Modulator With
67-dB Dynamic Range in 10-MHz Bandwidth",
journal= IEEE_J_JSSC,
volume= "39",
number= "12",
year= "2004",
pages= ""
};

@article{Mulder04,
author= "Jan Mulder and  Christopher M. Ward and  Chi-Hung Lin and  David Kruse and  Jan R. Westra and  Marcel Lugthart and  Erol Arslan and 
Rudy J. van de Plassche and  Klaas Bult and  Frank M. L. van der Goes",
title= "{A 21-mW 8-b 125-MSample/s ADC in 0.09-mm2
0.13-um CMOS}",
journal= IEEE_J_JSSC,
volume= "39",
number= "12",
year= "2004",
pages= ""
};

@article{Phillips04,
author= "Kathleen Philips and  Peter A. C. M. Nuijten and  Raf L. J. Roovers and 
Arthur H. M. van Roermund and  Fernando Muñoz Chavero and 
Macarena Tejero Pallarés and  Antonio Torralba",
title= "A Continuous-Time 61 ADC With Increased
Immunity to Interferers",
journal= IEEE_J_JSSC,
volume= "39",
number= "12",
year= "2004",
pages= ""
};

@article{Siragusa04,
author= "Eric Siragusa and  Ian Galton",
title= "A Digitally Enhanced 1.8-V 15-bit 40-MSample/s
CMOS Pipelined ADC",
journal= IEEE_J_JSSC,
volume= "39",
number= "12",
year= "2004",
pages= "2126-2138"
};

@article{Taft04,
author= "Robert C. Taft and  Chris A. Menkus and  Maria Rosaria Tursi and 
Ols Hidri and  Valerie Pons",
title= "A 1.8-V 1.6-GSample/s 8-b Self-Calibrating Folding
ADC With 7.26 ENOB at Nyquist Frequency",
journal= IEEE_J_JSSC,
volume= "39",
number= "12",
year= "2004",
pages= ""
};

@article{Yun04,
author= "Yun Chiu and  Paul R. Gray and  Borivoje Nikolic´",
title= "A 14-b 12-MS/s CMOS Pipeline ADC
With Over 100-dB SFDR",
journal= IEEE_J_JSSC,
volume= "39",
number= "12",
year= "2004",
pages= ""
};

@article{Ji-Jon04,
author= "Ji-Jon Sit and  Rahul Sarpeshkar",
title= "A Micropower Logarithmic A/D With Offset and
Temperature Compensation",
journal= IEEE_J_JSSC,
volume= "39",
number= "2",
year= "2004",
pages= ""
};

@article{DeMaeyer04,
author= "Jeroen De Maeyer and  Pieter Rombouts and  Ludo Weyten",
title= "A Double-Sampling Extended-Counting ADC",
journal= IEEE_J_JSSC,
volume= "39",
number= "3",
year= "2004",
pages= ""
};

@article{Ming-Huang04,
author= "Ming-Huang Liu and  Kuo-Chan Huang and  Wei-Yang Ou and  Tsung-Yi Su and 
Shen-Iuan Liu",
title= "A Low Voltage-Power 13-Bit 16 MSPS CMOS Pipelined ADC",
journal= IEEE_J_JSSC,
volume= "39",
number= "5",
year= "2004",
pages= ""
};

@article{Zimmerman04,
author= "Tom Zimmerman and James R. Hoff",
title= "The Design of a Charge-Integrating Modified
Floating-Point ADC Chip",
journal= IEEE_J_JSSC,
volume= "39",
number= "6",
year= "2004",
pages= ""
};

@article{Gerosa04,
author= "Andrea Gerosa and  Andrea Maniero and  Andrea Neviani",
title= "A Fully Integrated Two-Channel A/D Interface
for the Acquisition of Cardiac Signals in
Implantable Pacemakers",
journal= IEEE_J_JSSC,
volume= "39",
number= "7",
year= "2004",
pages= ""
};

@article{Paton04,
author= "Susana Patón and  Antonio Di Giandomenico and  Luis Hernández and  Andreas Wiesbauer and 
Thomas Pötscher and  Martin Clara",
title= "A 70-mW 300-MHz CMOS Continuous-Time
61 ADC With 15-MHz Bandwidth and
11 Bits of Resolution",
journal= IEEE_J_JSSC,
volume= "39",
number= "7",
year= "2004",
pages= ""
};

@article{Arias04,
author= "J. Arias and  V. Boccuzzi and  L. Quintanilla and  L. Enríquez and  D. Bisbal and  M. Banu and  J. Barbolla",
title= "Low-Power Pipeline ADC for Wireless LANs",
journal= IEEE_J_JSSC,
volume= "39",
number= "8",
year= "2004",
pages= ""
};

@article{Colonna04,
author= "V. Colonna and G. Gandolfi and F. Stefani and A. Baschirotto",
title= "A 10.7-MHz Self-Calibrated Switched-Capacitor-Based Multibit Second-Order
Bandpass 61 Modulator With On-Chip Switched Buffer",
journal= IEEE_J_JSSC,
volume= "39",
number= "8",
year= "2004",
pages= ""
};

@article{Jong-Bum04,
author= "Jong-Bum Park and  Sang-Min Yoo and  Se-Won Kim and  Young-Jae Cho and  Seung-Hoon Lee",
title= "A 10-b 150-MSample/s 1.8-V 123-mW CMOS A/D Converter With 400-MHz
Input Bandwidth",
journal= IEEE_J_JSSC,
volume= "39",
number= "8",
year= "2004",
pages= ""
};

@article{Jipeng04,
author= "Jipeng Li and  Un-Ku Moon",
title= "A 1.8-V 67-mW 10-bit 100-MS/s Pipelined ADC
Using Time-Shifted CDS Technique",
journal= IEEE_J_JSSC,
volume= "39",
number= "9",
year= "2004",
pages= ""
};

@article{Ahmed05,
author= "Imran Ahmed and  David A. Johns",
title= "A 50-MS/s (35 mW) to 1-kS/s (15 uW) Power
Scaleable 10-bit Pipelined ADC Using Rapid
Power-On Opamps and Minimal Bias Current
Variation",
journal= IEEE_J_JSSC,
volume= "40",
number= "12",
year= "2005",
pages= ""
};

@article{Ahn05,
author= "Gil-Cho Ahn and  Dong-Young Chang and  Matthew E. Brown and 
Naoto Ozaki and  Hiroshi Youra and  Ken Yamamura and  Koichi Hamashita and  Kaoru Takasuka and 
Gábor C. Temes and  Un-Ku Moon",
title= "A 0.6-V 82-dB Delta-Sigma Audio ADC Using
Switched-RC Integrators",
journal= IEEE_J_JSSC,
volume= "40",
number= "12",
year= "2005",
pages= ""
};

@article{Dorrer05,
author= "Lukas Dorrer and Franz Kuttner and Patrizia Greco and Patrick Torta and Thomas Hartig",
title= "A 3-mW 74-dB SNR 2-MHz Continuous-Time
Delta-Sigma ADC With a Tracking ADC
Quantizer in 0.13-um CMOS",
journal= IEEE_J_JSSC,
volume= "40",
number= "12",
year= "2005",
pages= ""
};

@article{McNeill05,
author= "John McNeill and  Michael C. W. Coln and  Brian J. Larivee",
title= "{Split ADC Architecture for Deterministic Digital
Background Calibration of a 16-bit 1-MS/s ADC}",
journal= IEEE_J_JSSC,
volume= "40",
number= "12",
year= "2005",
pages= ""
};

@article{Nguyen05,
author= "Khiem Nguyen and  Robert Adams and  Karl Sweetland and 
Huaijin Chen",
title= "A 106-dB SNR Hybrid Oversampling
Analog-to-Digital Converter for Digital Audio",
journal= IEEE_J_JSSC,
volume= "40",
number= "12",
year= "2005",
pages= ""
};

@article{Yu05,
author= "Jiang Yu and  Franco Maloberti",
title= "A Low-Power Multi-Bit Sigma-Delta Modulator in 90-nm
Digital CMOS Without DEM",
journal= IEEE_J_JSSC,
volume= "40",
number= "12",
year= "2005",
pages= ""
};

@article{LeGuillou05,
author= "Yann Le Guillou and  Olivier Gaborieau and  Patrice Gamand and  Martin Isberg and  Peter Jakobsson and  Lars Jonsson and  David Le Daut and 
Herv Marie and  Sven Mattisson and  Laurent Monge and  Torbjørn Olsson and  Sebastien Prouet and  Tobias Tired",
title= "Highly Integrated Direct Conversion Receiver for
GSM/GPRS/EDGE With On-Chip 84-dB Dynamic
Range Continuous-Time Delta Sigma ADC ",
journal= IEEE_J_JSSC,
volume= "40",
number= "2",
year= "2005",
pages= ""
};

@article{Xicheng05,
author= "Xicheng Jiang and Mau-Chung Frank Chang",
title= "A 1-GHz Signal Bandwidth 6-bit CMOS ADC With Power-Efficient Averaging",
journal= IEEE_J_JSSC,
volume= "40",
number= "2",
year= "2005",
pages= ""
};

@article{JaeHoonSim05,
author= "Jae Hoon Shim and  In-Cheol Park and  Beomsup Kim ",
title= "A Third-Order  Modulator in 0.18-m CMOS
With Calibrated Mixed-Mode Integrators",
journal= IEEE_J_JSSC,
volume= "40",
number= "4",
year= "2005",
pages= ""
};

@article{JipengLi05,
author= "Jipeng Li and  Gil-Cho Ahn and  Dong-Young Chang and 
Un-Ku Moon",
title= "A 0.9-V 12-mW 5-MSPS Algorithmic
With 77-dB SFDRi",
journal= IEEE_J_JSSC,
volume= "40",
number= "4",
year= "2005",
pages= ""
};

@article{Grace05,
author= "Carl R. Grace and  Paul J. Hurst and  Stephen H. Lewis",
title= "A 12-bit 80-MSample/s Pipelined ADC
With Bootstrapped Digital Calibration",
journal= IEEE_J_JSSC,
volume= "40",
number= "5",
year= "2005",
pages= ""
};

@article{Limotyrakis05,
author= "Sotirios Limotyrakis and  Scott D. Kulchycki and  David K. Su and 
and Bruce A. Wooley",
title= "A 150-MS/s 8-b 71-mW CMOS
Time-Interleaved ADC",
journal= IEEE_J_JSSC,
volume= "40",
number= "5",
year= "2005",
pages= ""
};

@article{Liu05,
author= "Hung-Chih Liu and  Zwei-Mei Lee and  Jieh-Tsorng Wu",
title= "A 15-b 40-MS/s CMOS Pipelined Analog-to-Digital
Converter With Digital Background Calibration",
journal= IEEE_J_JSSC,
volume= "40",
number= "5",
year= "2005",
pages= ""
};

@article{Zanchi05,
author= "Alﬁo Zanchi and  Frank (Ching-Yuh) Tsay",
title= "A 16-bit 65-MS/s 3.3-V Pipeline ADC Core in SiGe
BiCMOS With 78-dB SNR and 180-fs Jitter",
journal= IEEE_J_JSSC,
volume= "40",
number= "6",
year= "2005",
pages= ""
};

@article{Andersen05,
author= "Terje Nortvedt Andersen and  Bj{\o}rnar Hernes and  Atle Briskemyr and  Frode Telstø and 
Johnny Bjørnsen and  Thomas E. Bonnerud and  {\O}ystein Moldsvor",
title= "A Cost-Efficient High-Speed 12-bit Pipeline ADC
in 0.18-um Digital CMOS",
journal= IEEE_J_JSSC,
volume= "40",
number= "7",
year= "2005",
pages= ""
};

@article{Sandner05,
author= "Christoph Sandner and  Martin Clara and  Andreas Santner and  Thomas Hartig and  Franz Kuttner",
title= "A 6-bit 1.2-GS/s Low-Power Flash-ADC
in 0.13-um Digital CMOS",
journal= IEEE_J_JSSC,
volume= "40",
number= "7",
year= "2005",
pages= ""
};

@article{Fujimoto05,
author= "Yoshihisa Fujimoto and  Pascal Lo Ré and  Masayuki Miyamoto",
title= "A Delta-Sigma Modulator for a 1-Bit
Digital Switching Amplifier",
journal= IEEE_J_JSSC,
volume= "40",
number= "8",
year= "2005",
pages= ""
};

@article{Nam05,
author= "KiYoung Nam and  Sang-Min Lee and  David K. Su and 
and Bruce A. Wooley",
title= "A Low-Voltage Low-Power Sigma-Delta Modulator
for Broadband Analog-to-Digital Conversion",
journal= IEEE_J_JSSC,
volume= "40",
number= "8",
year= "2005",
pages= ""
};

@article{Petkov05,
author= "Vladimir P. Petkov and  Bernhard E. Boser",
title= "A Fourth-Order Sigma-Delta Interface for Micromachined
Inertial Sensors",
journal= IEEE_J_JSSC,
volume= "40",
number= "8",
year= "2005",
pages= ""
};

@article{Yang05,
author= "Heemin Y. Yang and Rahul Sarpeshkar",
title= "A Time-Based Energy-Efﬁcient
Analog-to-Digital Converter",
journal= IEEE_J_JSSC,
volume= "40",
number= "8",
year= "2005",
pages= ""
};

@article{Cadwell06,
author= "Trevor C. Caldwell and  David A. Johns",
title= "A Time-Interleaved Continuous-Time 16 Modulator
With 20-MHz Signal Bandwidth",
journal= IEEE_J_JSSC,
volume= "41",
number= "7",
year= "2006",
pages= ""
};

@article{Kurose06,
author= "Daisuke Kurose and  Tomohiko Ito and  Takeshi Ueno and  Takafumi Yamaji and  Tetsuro Itakura",
title= "55-mW 200-MSPS 10-bit Pipeline ADCs
for Wireless Receivers",
journal= IEEE_J_JSSC,
volume= "41",
number= "7",
year= "2006",
pages= ""
};

@article{Lee06,
author= "Seung-Chul Lee and  Kwi-Dong Kim and  Jong-Kee Kwon and 
Jongdae Kim and  Seung-Hoon Lee",
title= "A 10-bit 400-MS/s 160-mW 0.13-um CMOS",
journal= IEEE_J_JSSC,
volume= "41",
number= "7",
year= "2006",
pages= ""
};

@article{Quiquempoix06,
author= "Vincent Quiquempoix and  Philippe Deval and  Alexandre Barreto and  Gabriele Bellini and  János Márkus and 
José Silva and  Gabor C. Temes",
title= "A Low-Power 22-bit Incremental ADC",
journal= IEEE_J_JSSC,
volume= "41",
number= "7",
year= "2006",
pages= ""
};

@article{vanderPloeg06,
author= "Hendrik van der Ploeg and  Maarten Vertregt and  Marco Lammers",
title= "A 15-bit 30-MS/s 145-mW Three-Step ADC
for Imaging Applications",
journal= IEEE_J_JSSC,
volume= "41",
number= "7",
year= "2006",
pages= ""
};


@article{ali06,
author= "Ahmed M.A Ali and Christopher Dillon and Robert Sneed and Andrew S. Morgan and Scott Bardsley and John Kornblum and Lu Wu",
title = "A 14-bit 125MS/s IF/RF Sampling Pipelined ADC With 100 dB SFDR and 50 fs Jitter",
journal = IEEE_J_JSSC,
volume = "41",
number = "8",
year = "2006",
pages = "1846-1855"
};

@article{shen08,
author= "Junhua Shen and Peter R. Kinget",
title = "{A 0.5-V 8-bit 10-Ms/s Pipelined ADC in 90-nm CMOS}",
journal = IEEE_J_JSSC,
volume = "43",
number = "4",
year = "2008",
pages = "787-795"
};
